%YAML 1.1
%TAG !u! tag:unity3d.com,2011:
--- !u!29 &1
OcclusionCullingSettings:
  m_ObjectHideFlags: 0
  serializedVersion: 2
  m_OcclusionBakeSettings:
    smallestOccluder: 5
    smallestHole: 0.25
    backfaceThreshold: 100
  m_SceneGUID: 00000000000000000000000000000000
  m_OcclusionCullingData: {fileID: 0}
--- !u!104 &2
RenderSettings:
  m_ObjectHideFlags: 0
  serializedVersion: 7
  m_Fog: 0
  m_FogColor: {r: 0.5, g: 0.5, b: 0.5, a: 1}
  m_FogMode: 3
  m_FogDensity: 0.01
  m_LinearFogStart: 0
  m_LinearFogEnd: 300
  m_AmbientSkyColor: {r: 0.2, g: 0.2, b: 0.2, a: 1}
  m_AmbientEquatorColor: {r: 0.2, g: 0.2, b: 0.2, a: 1}
  m_AmbientGroundColor: {r: 0.2, g: 0.2, b: 0.2, a: 1}
  m_AmbientIntensity: 1
  m_AmbientMode: 3
  m_SkyboxMaterial: {fileID: 10304, guid: 0000000000000000f000000000000000, type: 0}
  m_HaloStrength: 0.5
  m_FlareStrength: 1
  m_FlareFadeSpeed: 3
  m_HaloTexture: {fileID: 0}
  m_SpotCookie: {fileID: 10001, guid: 0000000000000000e000000000000000, type: 0}
  m_DefaultReflectionMode: 0
  m_DefaultReflectionResolution: 128
  m_ReflectionBounces: 1
  m_ReflectionIntensity: 1
  m_CustomReflection: {fileID: 0}
  m_Sun: {fileID: 0}
  m_IndirectSpecularColor: {r: 0, g: 0, b: 0, a: 1}
--- !u!157 &4
LightmapSettings:
  m_ObjectHideFlags: 0
  serializedVersion: 7
  m_GIWorkflowMode: 1
  m_GISettings:
    serializedVersion: 2
    m_BounceScale: 1
    m_IndirectOutputScale: 1
    m_AlbedoBoost: 1
    m_TemporalCoherenceThreshold: 1
    m_EnvironmentLightingMode: 0
    m_EnableBakedLightmaps: 1
    m_EnableRealtimeLightmaps: 0
  m_LightmapEditorSettings:
    serializedVersion: 4
    m_Resolution: 1
    m_BakeResolution: 50
    m_TextureWidth: 1024
    m_TextureHeight: 1024
    m_AO: 1
    m_AOMaxDistance: 1
    m_CompAOExponent: 1
    m_CompAOExponentDirect: 0
    m_Padding: 2
    m_LightmapParameters: {fileID: 0}
    m_LightmapsBakeMode: 1
    m_TextureCompression: 0
    m_DirectLightInLightProbes: 1
    m_FinalGather: 0
    m_FinalGatherFiltering: 1
    m_FinalGatherRayCount: 256
    m_ReflectionCompression: 2
  m_LightingDataAsset: {fileID: 0}
  m_RuntimeCPUUsage: 25
--- !u!196 &5
NavMeshSettings:
  serializedVersion: 2
  m_ObjectHideFlags: 0
  m_BuildSettings:
    serializedVersion: 2
    agentTypeID: 0
    agentRadius: 0.5
    agentHeight: 2
    agentSlope: 45
    agentClimb: 0.4
    ledgeDropHeight: 0
    maxJumpAcrossDistance: 0
    minRegionArea: 2
    manualCellSize: 0
    cellSize: 0.16666666
    accuratePlacement: 0
  m_NavMeshData: {fileID: 0}
--- !u!1 &28108373
GameObject:
  m_ObjectHideFlags: 0
  m_PrefabParentObject: {fileID: 100038, guid: 0950ed52d930c264cb91a646a7555993, type: 3}
  m_PrefabInternal: {fileID: 0}
  serializedVersion: 5
  m_Component:
  - component: {fileID: 28108374}
  m_Layer: 0
  m_Name: Robot_LeftHandPinky2
  m_TagString: Untagged
  m_Icon: {fileID: 0}
  m_NavMeshLayer: 0
  m_StaticEditorFlags: 0
  m_IsActive: 1
--- !u!4 &28108374
Transform:
  m_ObjectHideFlags: 0
  m_PrefabParentObject: {fileID: 400038, guid: 0950ed52d930c264cb91a646a7555993, type: 3}
  m_PrefabInternal: {fileID: 0}
  m_GameObject: {fileID: 28108373}
  m_LocalRotation: {x: -1.3877788e-17, y: -4.814825e-34, z: 3.469447e-17, w: 1}
  m_LocalPosition: {x: -0.03736122, y: -0.002046814, z: 0.00010684967}
  m_LocalScale: {x: 1, y: 1, z: 1}
  m_Children:
  - {fileID: 1867150358}
  m_Father: {fileID: 772579805}
  m_RootOrder: 0
  m_LocalEulerAnglesHint: {x: 0, y: 0, z: 0}
--- !u!1 &29189217
GameObject:
  m_ObjectHideFlags: 0
  m_PrefabParentObject: {fileID: 100110, guid: 0950ed52d930c264cb91a646a7555993, type: 3}
  m_PrefabInternal: {fileID: 0}
  serializedVersion: 5
  m_Component:
  - component: {fileID: 29189218}
  m_Layer: 0
  m_Name: Robot_RightHandPinky3
  m_TagString: Untagged
  m_Icon: {fileID: 0}
  m_NavMeshLayer: 0
  m_StaticEditorFlags: 0
  m_IsActive: 1
--- !u!4 &29189218
Transform:
  m_ObjectHideFlags: 0
  m_PrefabParentObject: {fileID: 400110, guid: 0950ed52d930c264cb91a646a7555993, type: 3}
  m_PrefabInternal: {fileID: 0}
  m_GameObject: {fileID: 29189217}
  m_LocalRotation: {x: 4.8572257e-17, y: 6.740755e-34, z: 1.3877788e-17, w: 1}
  m_LocalPosition: {x: 0.023571929, y: -0.0017774963, z: 0.00009027958}
  m_LocalScale: {x: 1, y: 1, z: 1}
  m_Children:
  - {fileID: 1615170483}
  m_Father: {fileID: 863333730}
  m_RootOrder: 0
  m_LocalEulerAnglesHint: {x: 0, y: 0, z: 0}
--- !u!1 &170406840
GameObject:
  m_ObjectHideFlags: 0
  m_PrefabParentObject: {fileID: 100118, guid: 0950ed52d930c264cb91a646a7555993, type: 3}
  m_PrefabInternal: {fileID: 0}
  serializedVersion: 5
  m_Component:
  - component: {fileID: 170406841}
  m_Layer: 0
  m_Name: Robot_RightHandRing3
  m_TagString: Untagged
  m_Icon: {fileID: 0}
  m_NavMeshLayer: 0
  m_StaticEditorFlags: 0
  m_IsActive: 1
--- !u!4 &170406841
Transform:
  m_ObjectHideFlags: 0
  m_PrefabParentObject: {fileID: 400118, guid: 0950ed52d930c264cb91a646a7555993, type: 3}
  m_PrefabInternal: {fileID: 0}
  m_GameObject: {fileID: 170406840}
  m_LocalRotation: {x: 4.8572257e-17, y: 6.740755e-34, z: 1.3877788e-17, w: 1}
  m_LocalPosition: {x: 0.032289885, y: -0.0028092957, z: -0.00015483856}
  m_LocalScale: {x: 1, y: 1, z: 1}
  m_Children:
  - {fileID: 1466761648}
  m_Father: {fileID: 570974770}
  m_RootOrder: 0
  m_LocalEulerAnglesHint: {x: 0, y: 0, z: 0}
--- !u!1 &170604511
GameObject:
  m_ObjectHideFlags: 0
  m_PrefabParentObject: {fileID: 100134, guid: 0950ed52d930c264cb91a646a7555993, type: 3}
  m_PrefabInternal: {fileID: 0}
  serializedVersion: 5
  m_Component:
  - component: {fileID: 170604512}
  m_Layer: 0
  m_Name: Robot_RightInHandPinky
  m_TagString: Untagged
  m_Icon: {fileID: 0}
  m_NavMeshLayer: 0
  m_StaticEditorFlags: 0
  m_IsActive: 1
--- !u!4 &170604512
Transform:
  m_ObjectHideFlags: 0
  m_PrefabParentObject: {fileID: 400134, guid: 0950ed52d930c264cb91a646a7555993, type: 3}
  m_PrefabInternal: {fileID: 0}
  m_GameObject: {fileID: 170604511}
  m_LocalRotation: {x: 4.8572257e-17, y: 6.740755e-34, z: 1.3877788e-17, w: 1}
  m_LocalPosition: {x: 0.04291298, y: 0.0063700867, z: -0.016306998}
  m_LocalScale: {x: 1, y: 1, z: 1}
  m_Children:
  - {fileID: 1191128234}
  m_Father: {fileID: 400908350}
  m_RootOrder: 3
  m_LocalEulerAnglesHint: {x: 0, y: 0, z: 0}
--- !u!1 &182388173
GameObject:
  m_ObjectHideFlags: 0
  m_PrefabParentObject: {fileID: 100132, guid: 0950ed52d930c264cb91a646a7555993, type: 3}
  m_PrefabInternal: {fileID: 0}
  serializedVersion: 5
  m_Component:
  - component: {fileID: 182388174}
  m_Layer: 0
  m_Name: Robot_RightInHandMiddle
  m_TagString: Untagged
  m_Icon: {fileID: 0}
  m_NavMeshLayer: 0
  m_StaticEditorFlags: 0
  m_IsActive: 1
--- !u!4 &182388174
Transform:
  m_ObjectHideFlags: 0
  m_PrefabParentObject: {fileID: 400132, guid: 0950ed52d930c264cb91a646a7555993, type: 3}
  m_PrefabInternal: {fileID: 0}
  m_GameObject: {fileID: 182388173}
  m_LocalRotation: {x: 4.8572257e-17, y: 6.740755e-34, z: 1.3877788e-17, w: 1}
  m_LocalPosition: {x: 0.04592308, y: 0.0070201107, z: 0.010279321}
  m_LocalScale: {x: 1, y: 1, z: 1}
  m_Children:
  - {fileID: 347734194}
  m_Father: {fileID: 400908350}
  m_RootOrder: 2
  m_LocalEulerAnglesHint: {x: 0, y: 0, z: 0}
--- !u!1 &183235596
GameObject:
  m_ObjectHideFlags: 0
  m_PrefabParentObject: {fileID: 100006, guid: 0950ed52d930c264cb91a646a7555993, type: 3}
  m_PrefabInternal: {fileID: 0}
  serializedVersion: 5
  m_Component:
  - component: {fileID: 183235597}
  m_Layer: 0
  m_Name: Robot_Head
  m_TagString: Untagged
  m_Icon: {fileID: 0}
  m_NavMeshLayer: 0
  m_StaticEditorFlags: 0
  m_IsActive: 1
--- !u!4 &183235597
Transform:
  m_ObjectHideFlags: 0
  m_PrefabParentObject: {fileID: 400006, guid: 0950ed52d930c264cb91a646a7555993, type: 3}
  m_PrefabInternal: {fileID: 0}
  m_GameObject: {fileID: 183235596}
  m_LocalRotation: {x: 0, y: -0, z: -0, w: 1}
  m_LocalPosition: {x: -3.1183214e-16, y: 0.100040585, z: 0.09084586}
  m_LocalScale: {x: 1, y: 1, z: 1}
  m_Children:
  - {fileID: 553961234}
  m_Father: {fileID: 946430078}
  m_RootOrder: 0
  m_LocalEulerAnglesHint: {x: 0, y: 0, z: 0}
--- !u!1 &266484739
GameObject:
  m_ObjectHideFlags: 0
  m_PrefabParentObject: {fileID: 100068, guid: 0950ed52d930c264cb91a646a7555993, type: 3}
  m_PrefabInternal: {fileID: 0}
  serializedVersion: 5
  m_Component:
  - component: {fileID: 266484740}
  m_Layer: 0
  m_Name: Robot_LeftLeg
  m_TagString: Untagged
  m_Icon: {fileID: 0}
  m_NavMeshLayer: 0
  m_StaticEditorFlags: 0
  m_IsActive: 1
--- !u!4 &266484740
Transform:
  m_ObjectHideFlags: 0
  m_PrefabParentObject: {fileID: 400068, guid: 0950ed52d930c264cb91a646a7555993, type: 3}
  m_PrefabInternal: {fileID: 0}
  m_GameObject: {fileID: 266484739}
  m_LocalRotation: {x: 0, y: -0, z: -0, w: 1}
  m_LocalPosition: {x: -0.09189224, y: -0.5486859, z: 0.03438987}
  m_LocalScale: {x: 1, y: 1, z: 1}
  m_Children:
  - {fileID: 435280133}
  m_Father: {fileID: 1639999164}
  m_RootOrder: 0
  m_LocalEulerAnglesHint: {x: 0, y: 0, z: 0}
--- !u!1 &304613278
GameObject:
  m_ObjectHideFlags: 0
  m_PrefabParentObject: {fileID: 100046, guid: 0950ed52d930c264cb91a646a7555993, type: 3}
  m_PrefabInternal: {fileID: 0}
  serializedVersion: 5
  m_Component:
  - component: {fileID: 304613279}
  m_Layer: 0
  m_Name: Robot_LeftHandRing2
  m_TagString: Untagged
  m_Icon: {fileID: 0}
  m_NavMeshLayer: 0
  m_StaticEditorFlags: 0
  m_IsActive: 1
--- !u!4 &304613279
Transform:
  m_ObjectHideFlags: 0
  m_PrefabParentObject: {fileID: 400046, guid: 0950ed52d930c264cb91a646a7555993, type: 3}
  m_PrefabInternal: {fileID: 0}
  m_GameObject: {fileID: 304613278}
  m_LocalRotation: {x: -1.3877788e-17, y: -4.814825e-34, z: 3.469447e-17, w: 1}
  m_LocalPosition: {x: -0.046582032, y: -0.0035731506, z: 0.000023219585}
  m_LocalScale: {x: 1, y: 1, z: 1}
  m_Children:
  - {fileID: 1194770657}
  m_Father: {fileID: 1639053103}
  m_RootOrder: 0
  m_LocalEulerAnglesHint: {x: 0, y: 0, z: 0}
--- !u!1 &342152132
GameObject:
  m_ObjectHideFlags: 0
  m_PrefabParentObject: {fileID: 100114, guid: 0950ed52d930c264cb91a646a7555993, type: 3}
  m_PrefabInternal: {fileID: 0}
  serializedVersion: 5
  m_Component:
  - component: {fileID: 342152133}
  m_Layer: 0
  m_Name: Robot_RightHandRing1
  m_TagString: Untagged
  m_Icon: {fileID: 0}
  m_NavMeshLayer: 0
  m_StaticEditorFlags: 0
  m_IsActive: 1
--- !u!4 &342152133
Transform:
  m_ObjectHideFlags: 0
  m_PrefabParentObject: {fileID: 400114, guid: 0950ed52d930c264cb91a646a7555993, type: 3}
  m_PrefabInternal: {fileID: 0}
  m_GameObject: {fileID: 342152132}
  m_LocalRotation: {x: 4.8572257e-17, y: 6.740755e-34, z: 1.3877788e-17, w: 1}
  m_LocalPosition: {x: 0.062955014, y: -0.0002999878, z: -0.0065212}
  m_LocalScale: {x: 1, y: 1, z: 1}
  m_Children:
  - {fileID: 570974770}
  m_Father: {fileID: 725338271}
  m_RootOrder: 0
  m_LocalEulerAnglesHint: {x: 0, y: 0, z: 0}
--- !u!1 &347734193
GameObject:
  m_ObjectHideFlags: 0
  m_PrefabParentObject: {fileID: 100098, guid: 0950ed52d930c264cb91a646a7555993, type: 3}
  m_PrefabInternal: {fileID: 0}
  serializedVersion: 5
  m_Component:
  - component: {fileID: 347734194}
  m_Layer: 0
  m_Name: Robot_RightHandMiddle1
  m_TagString: Untagged
  m_Icon: {fileID: 0}
  m_NavMeshLayer: 0
  m_StaticEditorFlags: 0
  m_IsActive: 1
--- !u!4 &347734194
Transform:
  m_ObjectHideFlags: 0
  m_PrefabParentObject: {fileID: 400098, guid: 0950ed52d930c264cb91a646a7555993, type: 3}
  m_PrefabInternal: {fileID: 0}
  m_GameObject: {fileID: 347734193}
  m_LocalRotation: {x: 4.8572257e-17, y: 6.740755e-34, z: 1.3877788e-17, w: 1}
  m_LocalPosition: {x: 0.070227966, y: -0.0011398315, z: 0.004263851}
  m_LocalScale: {x: 1, y: 1, z: 1}
  m_Children:
  - {fileID: 1199329871}
  m_Father: {fileID: 182388174}
  m_RootOrder: 0
  m_LocalEulerAnglesHint: {x: 0, y: 0, z: 0}
--- !u!1 &380116582
GameObject:
  m_ObjectHideFlags: 0
  m_PrefabParentObject: {fileID: 100016, guid: 0950ed52d930c264cb91a646a7555993, type: 3}
  m_PrefabInternal: {fileID: 0}
  serializedVersion: 5
  m_Component:
  - component: {fileID: 380116583}
  m_Layer: 0
  m_Name: Robot_LeftForeArm
  m_TagString: Untagged
  m_Icon: {fileID: 0}
  m_NavMeshLayer: 0
  m_StaticEditorFlags: 0
  m_IsActive: 1
--- !u!4 &380116583
Transform:
  m_ObjectHideFlags: 0
  m_PrefabParentObject: {fileID: 400016, guid: 0950ed52d930c264cb91a646a7555993, type: 3}
  m_PrefabInternal: {fileID: 0}
  m_GameObject: {fileID: 380116582}
  m_LocalRotation: {x: 0, y: -0, z: -0, w: 1}
  m_LocalPosition: {x: -0.2155294, y: -0.2767909, z: -0.06202029}
  m_LocalScale: {x: 1, y: 1, z: 1}
  m_Children:
  - {fileID: 1701672781}
  m_Father: {fileID: 2088665522}
  m_RootOrder: 0
  m_LocalEulerAnglesHint: {x: 0, y: 0, z: 0}
--- !u!1 &400828363
GameObject:
  m_ObjectHideFlags: 0
  m_PrefabParentObject: {fileID: 100004, guid: 0950ed52d930c264cb91a646a7555993, type: 3}
  m_PrefabInternal: {fileID: 0}
  serializedVersion: 5
  m_Component:
  - component: {fileID: 400828366}
  - component: {fileID: 400828365}
  - component: {fileID: 400828364}
  m_Layer: 0
  m_Name: Pumpkinhulk_L_Shaw (1)
  m_TagString: Untagged
  m_Icon: {fileID: 0}
  m_NavMeshLayer: 0
  m_StaticEditorFlags: 0
  m_IsActive: 1
--- !u!114 &400828364
MonoBehaviour:
  m_ObjectHideFlags: 0
  m_PrefabParentObject: {fileID: 0}
  m_PrefabInternal: {fileID: 0}
  m_GameObject: {fileID: 400828363}
  m_Enabled: 1
  m_EditorHideFlags: 0
  m_Script: {fileID: 11500000, guid: 41173daca41f9a64b8552925c6a3c363, type: 3}
  m_Name: 
  m_EditorClassIdentifier: 
  address: 127.0.0.1
  port: 7001
  socketType: 0
  actorID: 0
  connectToAxis: 1
  boundAnimator: {fileID: 400828365}
  physicalUpdate: 0
--- !u!95 &400828365
Animator:
  serializedVersion: 3
  m_ObjectHideFlags: 0
  m_PrefabParentObject: {fileID: 9500000, guid: 0950ed52d930c264cb91a646a7555993,
    type: 3}
  m_PrefabInternal: {fileID: 0}
  m_GameObject: {fileID: 400828363}
  m_Enabled: 1
  m_Avatar: {fileID: 9000000, guid: 0950ed52d930c264cb91a646a7555993, type: 3}
  m_Controller: {fileID: 0}
  m_CullingMode: 1
  m_UpdateMode: 0
  m_ApplyRootMotion: 1
  m_LinearVelocityBlending: 0
  m_WarningMessage: 
  m_HasTransformHierarchy: 1
  m_AllowConstantClipSamplingOptimization: 1
--- !u!4 &400828366
Transform:
  m_ObjectHideFlags: 0
  m_PrefabParentObject: {fileID: 400004, guid: 0950ed52d930c264cb91a646a7555993, type: 3}
  m_PrefabInternal: {fileID: 0}
  m_GameObject: {fileID: 400828363}
  m_LocalRotation: {x: 0, y: 0, z: 0, w: 1}
  m_LocalPosition: {x: 1.868, y: 0, z: 0}
  m_LocalScale: {x: 1, y: 1, z: 1}
  m_Children:
  - {fileID: 1550460160}
  - {fileID: 1048410166}
  m_Father: {fileID: 0}
  m_RootOrder: 3
  m_LocalEulerAnglesHint: {x: 0, y: 0, z: 0}
--- !u!1 &400908349
GameObject:
  m_ObjectHideFlags: 0
  m_PrefabParentObject: {fileID: 100088, guid: 0950ed52d930c264cb91a646a7555993, type: 3}
  m_PrefabInternal: {fileID: 0}
  serializedVersion: 5
  m_Component:
  - component: {fileID: 400908350}
  m_Layer: 0
  m_Name: Robot_RightHand
  m_TagString: Untagged
  m_Icon: {fileID: 0}
  m_NavMeshLayer: 0
  m_StaticEditorFlags: 0
  m_IsActive: 1
--- !u!4 &400908350
Transform:
  m_ObjectHideFlags: 0
  m_PrefabParentObject: {fileID: 400088, guid: 0950ed52d930c264cb91a646a7555993, type: 3}
  m_PrefabInternal: {fileID: 0}
  m_GameObject: {fileID: 400908349}
  m_LocalRotation: {x: -0.053021863, y: -0.37917474, z: -0.3346267, w: 0.8610692}
  m_LocalPosition: {x: 0.33477837, y: -0.18316099, z: 0.15134133}
  m_LocalScale: {x: 1, y: 1, z: 1}
  m_Children:
  - {fileID: 1123112747}
  - {fileID: 1860352471}
  - {fileID: 182388174}
  - {fileID: 170604512}
  - {fileID: 725338271}
  m_Father: {fileID: 1608422239}
  m_RootOrder: 0
  m_LocalEulerAnglesHint: {x: 0, y: 0, z: 0}
--- !u!1 &435280132
GameObject:
  m_ObjectHideFlags: 0
  m_PrefabParentObject: {fileID: 100014, guid: 0950ed52d930c264cb91a646a7555993, type: 3}
  m_PrefabInternal: {fileID: 0}
  serializedVersion: 5
  m_Component:
  - component: {fileID: 435280133}
  m_Layer: 0
  m_Name: Robot_LeftFoot
  m_TagString: Untagged
  m_Icon: {fileID: 0}
  m_NavMeshLayer: 0
  m_StaticEditorFlags: 0
  m_IsActive: 1
--- !u!4 &435280133
Transform:
  m_ObjectHideFlags: 0
  m_PrefabParentObject: {fileID: 400014, guid: 0950ed52d930c264cb91a646a7555993, type: 3}
  m_PrefabInternal: {fileID: 0}
  m_GameObject: {fileID: 435280132}
  m_LocalRotation: {x: 0, y: -0, z: -0, w: 1}
  m_LocalPosition: {x: -0.08159582, y: -0.39784956, z: -0.06307254}
  m_LocalScale: {x: 1, y: 1, z: 1}
  m_Children:
  - {fileID: 1915002807}
  m_Father: {fileID: 266484740}
  m_RootOrder: 0
  m_LocalEulerAnglesHint: {x: 0, y: 0, z: 0}
--- !u!1 &451181044
GameObject:
  m_ObjectHideFlags: 0
  m_PrefabParentObject: {fileID: 100094, guid: 0950ed52d930c264cb91a646a7555993, type: 3}
  m_PrefabInternal: {fileID: 0}
  serializedVersion: 5
  m_Component:
  - component: {fileID: 451181045}
  m_Layer: 0
  m_Name: Robot_RightHandIndex3
  m_TagString: Untagged
  m_Icon: {fileID: 0}
  m_NavMeshLayer: 0
  m_StaticEditorFlags: 0
  m_IsActive: 1
--- !u!4 &451181045
Transform:
  m_ObjectHideFlags: 0
  m_PrefabParentObject: {fileID: 400094, guid: 0950ed52d930c264cb91a646a7555993, type: 3}
  m_PrefabInternal: {fileID: 0}
  m_GameObject: {fileID: 451181044}
  m_LocalRotation: {x: 4.8572257e-17, y: 6.740755e-34, z: 1.3877788e-17, w: 1}
  m_LocalPosition: {x: 0.027794037, y: -0.0017300415, z: -0.000012519359}
  m_LocalScale: {x: 1, y: 1, z: 1}
  m_Children:
  - {fileID: 1068474990}
  m_Father: {fileID: 1587498386}
  m_RootOrder: 0
  m_LocalEulerAnglesHint: {x: 0, y: 0, z: 0}
--- !u!1 &461383774
GameObject:
  m_ObjectHideFlags: 0
  m_PrefabParentObject: {fileID: 100058, guid: 0950ed52d930c264cb91a646a7555993, type: 3}
  m_PrefabInternal: {fileID: 0}
  serializedVersion: 5
  m_Component:
  - component: {fileID: 461383775}
  m_Layer: 0
  m_Name: Robot_LeftHandThumb4
  m_TagString: Untagged
  m_Icon: {fileID: 0}
  m_NavMeshLayer: 0
  m_StaticEditorFlags: 0
  m_IsActive: 1
--- !u!4 &461383775
Transform:
  m_ObjectHideFlags: 0
  m_PrefabParentObject: {fileID: 400058, guid: 0950ed52d930c264cb91a646a7555993, type: 3}
  m_PrefabInternal: {fileID: 0}
  m_GameObject: {fileID: 461383774}
  m_LocalRotation: {x: -1.3877788e-17, y: -4.814825e-34, z: 3.469447e-17, w: 1}
  m_LocalPosition: {x: -0.029778136, y: 0.000015716552, z: 0.00024009227}
  m_LocalScale: {x: 1, y: 1, z: 1}
  m_Children: []
  m_Father: {fileID: 807953349}
  m_RootOrder: 0
  m_LocalEulerAnglesHint: {x: 0, y: 0, z: 0}
--- !u!1 &470742528
GameObject:
  m_ObjectHideFlags: 0
  m_PrefabParentObject: {fileID: 100084, guid: 0950ed52d930c264cb91a646a7555993, type: 3}
  m_PrefabInternal: {fileID: 0}
  serializedVersion: 5
  m_Component:
  - component: {fileID: 470742529}
  m_Layer: 0
  m_Name: Robot_RightFoot
  m_TagString: Untagged
  m_Icon: {fileID: 0}
  m_NavMeshLayer: 0
  m_StaticEditorFlags: 0
  m_IsActive: 1
--- !u!4 &470742529
Transform:
  m_ObjectHideFlags: 0
  m_PrefabParentObject: {fileID: 400084, guid: 0950ed52d930c264cb91a646a7555993, type: 3}
  m_PrefabInternal: {fileID: 0}
  m_GameObject: {fileID: 470742528}
  m_LocalRotation: {x: 0, y: -0, z: -0, w: 1}
  m_LocalPosition: {x: 0.08774107, y: -0.40399483, z: -0.06307254}
  m_LocalScale: {x: 1, y: 1, z: 1}
  m_Children:
  - {fileID: 949130631}
  m_Father: {fileID: 1797239643}
  m_RootOrder: 0
  m_LocalEulerAnglesHint: {x: 0, y: 0, z: 0}
--- !u!1 &492611599
GameObject:
  m_ObjectHideFlags: 0
  m_PrefabParentObject: {fileID: 100140, guid: 0950ed52d930c264cb91a646a7555993, type: 3}
  m_PrefabInternal: {fileID: 0}
  serializedVersion: 5
  m_Component:
  - component: {fileID: 492611600}
  m_Layer: 0
  m_Name: Robot_RightShoulder
  m_TagString: Untagged
  m_Icon: {fileID: 0}
  m_NavMeshLayer: 0
  m_StaticEditorFlags: 0
  m_IsActive: 1
--- !u!4 &492611600
Transform:
  m_ObjectHideFlags: 0
  m_PrefabParentObject: {fileID: 400140, guid: 0950ed52d930c264cb91a646a7555993, type: 3}
  m_PrefabInternal: {fileID: 0}
  m_GameObject: {fileID: 492611599}
  m_LocalRotation: {x: 0, y: -0, z: -0, w: 1}
  m_LocalPosition: {x: 0.23930253, y: 0.08303211, z: -0.001527383}
  m_LocalScale: {x: 1, y: 1, z: 1}
  m_Children:
  - {fileID: 1432153482}
  m_Father: {fileID: 643300811}
  m_RootOrder: 2
  m_LocalEulerAnglesHint: {x: 0, y: 0, z: 0}
--- !u!1 &540697216
GameObject:
  m_ObjectHideFlags: 0
  m_PrefabParentObject: {fileID: 100020, guid: 0950ed52d930c264cb91a646a7555993, type: 3}
  m_PrefabInternal: {fileID: 0}
  serializedVersion: 5
  m_Component:
  - component: {fileID: 540697217}
  m_Layer: 0
  m_Name: Robot_LeftHandIndex1
  m_TagString: Untagged
  m_Icon: {fileID: 0}
  m_NavMeshLayer: 0
  m_StaticEditorFlags: 0
  m_IsActive: 1
--- !u!4 &540697217
Transform:
  m_ObjectHideFlags: 0
  m_PrefabParentObject: {fileID: 400020, guid: 0950ed52d930c264cb91a646a7555993, type: 3}
  m_PrefabInternal: {fileID: 0}
  m_GameObject: {fileID: 540697216}
  m_LocalRotation: {x: -1.3877788e-17, y: -4.814825e-34, z: 3.469447e-17, w: 1}
  m_LocalPosition: {x: -0.07086868, y: -0.0012365723, z: 0.013564725}
  m_LocalScale: {x: 1, y: 1, z: 1}
  m_Children:
  - {fileID: 1495155618}
  m_Father: {fileID: 771907551}
  m_RootOrder: 0
  m_LocalEulerAnglesHint: {x: 0, y: 0, z: 0}
--- !u!1 &551639566
GameObject:
  m_ObjectHideFlags: 0
  m_PrefabParentObject: {fileID: 100078, guid: 0950ed52d930c264cb91a646a7555993, type: 3}
  m_PrefabInternal: {fileID: 0}
  serializedVersion: 5
  m_Component:
  - component: {fileID: 551639567}
  m_Layer: 0
  m_Name: Robot_Reference
  m_TagString: Untagged
  m_Icon: {fileID: 0}
  m_NavMeshLayer: 0
  m_StaticEditorFlags: 0
  m_IsActive: 1
--- !u!4 &551639567
Transform:
  m_ObjectHideFlags: 0
  m_PrefabParentObject: {fileID: 400078, guid: 0950ed52d930c264cb91a646a7555993, type: 3}
  m_PrefabInternal: {fileID: 0}
  m_GameObject: {fileID: 551639566}
  m_LocalRotation: {x: 0, y: -0, z: -0, w: 1}
  m_LocalPosition: {x: -0, y: 0, z: 0}
  m_LocalScale: {x: 1, y: 1, z: 1}
  m_Children:
  - {fileID: 927960091}
  m_Father: {fileID: 1048410166}
  m_RootOrder: 0
  m_LocalEulerAnglesHint: {x: 0, y: 0, z: 0}
--- !u!1 &553961233
GameObject:
  m_ObjectHideFlags: 0
  m_PrefabParentObject: {fileID: 100008, guid: 0950ed52d930c264cb91a646a7555993, type: 3}
  m_PrefabInternal: {fileID: 0}
  serializedVersion: 5
  m_Component:
  - component: {fileID: 553961234}
  m_Layer: 0
  m_Name: Robot_Head_End
  m_TagString: Untagged
  m_Icon: {fileID: 0}
  m_NavMeshLayer: 0
  m_StaticEditorFlags: 0
  m_IsActive: 1
--- !u!4 &553961234
Transform:
  m_ObjectHideFlags: 0
  m_PrefabParentObject: {fileID: 400008, guid: 0950ed52d930c264cb91a646a7555993, type: 3}
  m_PrefabInternal: {fileID: 0}
  m_GameObject: {fileID: 553961233}
  m_LocalRotation: {x: 0, y: -0, z: -0, w: 1}
  m_LocalPosition: {x: 1.5254398e-16, y: 0.04679038, z: 0.10680928}
  m_LocalScale: {x: 1, y: 1, z: 1}
  m_Children: []
  m_Father: {fileID: 183235597}
  m_RootOrder: 0
  m_LocalEulerAnglesHint: {x: 0, y: 0, z: 0}
--- !u!1 &556959175
GameObject:
  m_ObjectHideFlags: 0
  m_PrefabParentObject: {fileID: 100146, guid: 0950ed52d930c264cb91a646a7555993, type: 3}
  m_PrefabInternal: {fileID: 0}
  serializedVersion: 5
  m_Component:
  - component: {fileID: 556959176}
  m_Layer: 0
  m_Name: Robot_Spine
  m_TagString: Untagged
  m_Icon: {fileID: 0}
  m_NavMeshLayer: 0
  m_StaticEditorFlags: 0
  m_IsActive: 1
--- !u!4 &556959176
Transform:
  m_ObjectHideFlags: 0
  m_PrefabParentObject: {fileID: 400146, guid: 0950ed52d930c264cb91a646a7555993, type: 3}
  m_PrefabInternal: {fileID: 0}
  m_GameObject: {fileID: 556959175}
  m_LocalRotation: {x: 0, y: -0, z: -0, w: 1}
  m_LocalPosition: {x: 1.7684579e-15, y: 0.096092984, z: 0.0000000023841857}
  m_LocalScale: {x: 1, y: 1, z: 1}
  m_Children:
  - {fileID: 2023880956}
  m_Father: {fileID: 927960091}
  m_RootOrder: 2
  m_LocalEulerAnglesHint: {x: 0, y: 0, z: 0}
--- !u!1 &570974769
GameObject:
  m_ObjectHideFlags: 0
  m_PrefabParentObject: {fileID: 100116, guid: 0950ed52d930c264cb91a646a7555993, type: 3}
  m_PrefabInternal: {fileID: 0}
  serializedVersion: 5
  m_Component:
  - component: {fileID: 570974770}
  m_Layer: 0
  m_Name: Robot_RightHandRing2
  m_TagString: Untagged
  m_Icon: {fileID: 0}
  m_NavMeshLayer: 0
  m_StaticEditorFlags: 0
  m_IsActive: 1
--- !u!4 &570974770
Transform:
  m_ObjectHideFlags: 0
  m_PrefabParentObject: {fileID: 400116, guid: 0950ed52d930c264cb91a646a7555993, type: 3}
  m_PrefabInternal: {fileID: 0}
  m_GameObject: {fileID: 570974769}
  m_LocalRotation: {x: 4.8572257e-17, y: 6.740755e-34, z: 1.3877788e-17, w: 1}
  m_LocalPosition: {x: 0.046512604, y: -0.0043777465, z: 0.00012611627}
  m_LocalScale: {x: 1, y: 1, z: 1}
  m_Children:
  - {fileID: 170406841}
  m_Father: {fileID: 342152133}
  m_RootOrder: 0
  m_LocalEulerAnglesHint: {x: 0, y: 0, z: 0}
--- !u!1 &605659062
GameObject:
  m_ObjectHideFlags: 0
  m_PrefabParentObject: {fileID: 0}
  m_PrefabInternal: {fileID: 0}
  serializedVersion: 5
  m_Component:
  - component: {fileID: 605659064}
  - component: {fileID: 605659063}
  m_Layer: 0
  m_Name: Directional light
  m_TagString: Untagged
  m_Icon: {fileID: 0}
  m_NavMeshLayer: 0
  m_StaticEditorFlags: 0
  m_IsActive: 1
--- !u!108 &605659063
Light:
  m_ObjectHideFlags: 0
  m_PrefabParentObject: {fileID: 0}
  m_PrefabInternal: {fileID: 0}
  m_GameObject: {fileID: 605659062}
  m_Enabled: 1
  serializedVersion: 7
  m_Type: 1
  m_Color: {r: 1, g: 1, b: 1, a: 1}
  m_Intensity: 1
  m_Range: 10
  m_SpotAngle: 30
  m_CookieSize: 10
  m_Shadows:
    m_Type: 0
    m_Resolution: -1
    m_CustomResolution: -1
    m_Strength: 1
    m_Bias: 0.05
    m_NormalBias: 0.4
    m_NearPlane: 0.2
  m_Cookie: {fileID: 0}
  m_DrawHalo: 0
  m_Flare: {fileID: 0}
  m_RenderMode: 0
  m_CullingMask:
    serializedVersion: 2
    m_Bits: 4294967295
  m_Lightmapping: 1
  m_AreaSize: {x: 1, y: 1}
  m_BounceIntensity: 1
  m_ShadowRadius: 0
  m_ShadowAngle: 0
--- !u!4 &605659064
Transform:
  m_ObjectHideFlags: 0
  m_PrefabParentObject: {fileID: 0}
  m_PrefabInternal: {fileID: 0}
  m_GameObject: {fileID: 605659062}
  m_LocalRotation: {x: 0.93844444, y: -0.061298206, z: 0.2514554, w: 0.22876805}
  m_LocalPosition: {x: 0.732, y: 2.771, z: -2.107}
  m_LocalScale: {x: 1, y: 1, z: 1}
  m_Children: []
  m_Father: {fileID: 0}
  m_RootOrder: 1
  m_LocalEulerAnglesHint: {x: 152.6, y: -30.000002, z: 0}
--- !u!1 &643300810
GameObject:
  m_ObjectHideFlags: 0
  m_PrefabParentObject: {fileID: 100152, guid: 0950ed52d930c264cb91a646a7555993, type: 3}
  m_PrefabInternal: {fileID: 0}
  serializedVersion: 5
  m_Component:
  - component: {fileID: 643300811}
  m_Layer: 0
  m_Name: Robot_Spine3
  m_TagString: Untagged
  m_Icon: {fileID: 0}
  m_NavMeshLayer: 0
  m_StaticEditorFlags: 0
  m_IsActive: 1
--- !u!4 &643300811
Transform:
  m_ObjectHideFlags: 0
  m_PrefabParentObject: {fileID: 400152, guid: 0950ed52d930c264cb91a646a7555993, type: 3}
  m_PrefabInternal: {fileID: 0}
  m_GameObject: {fileID: 643300810}
  m_LocalRotation: {x: 0, y: -0, z: -0, w: 1}
  m_LocalPosition: {x: -1.52742e-16, y: 0.117230676, z: -0.026967647}
  m_LocalScale: {x: 1, y: 1, z: 1}
  m_Children:
  - {fileID: 672020625}
  - {fileID: 946430078}
  - {fileID: 492611600}
  m_Father: {fileID: 1884986441}
  m_RootOrder: 0
  m_LocalEulerAnglesHint: {x: 0, y: 0, z: 0}
--- !u!1 &672020624
GameObject:
  m_ObjectHideFlags: 0
  m_PrefabParentObject: {fileID: 100070, guid: 0950ed52d930c264cb91a646a7555993, type: 3}
  m_PrefabInternal: {fileID: 0}
  serializedVersion: 5
  m_Component:
  - component: {fileID: 672020625}
  m_Layer: 0
  m_Name: Robot_LeftShoulder
  m_TagString: Untagged
  m_Icon: {fileID: 0}
  m_NavMeshLayer: 0
  m_StaticEditorFlags: 0
  m_IsActive: 1
--- !u!4 &672020625
Transform:
  m_ObjectHideFlags: 0
  m_PrefabParentObject: {fileID: 400070, guid: 0950ed52d930c264cb91a646a7555993, type: 3}
  m_PrefabInternal: {fileID: 0}
  m_GameObject: {fileID: 672020624}
  m_LocalRotation: {x: 0, y: -0, z: -0, w: 1}
  m_LocalPosition: {x: -0.22133763, y: 0.0808091, z: -0.0015274032}
  m_LocalScale: {x: 1, y: 1, z: 1}
  m_Children:
  - {fileID: 2088665522}
  m_Father: {fileID: 643300811}
  m_RootOrder: 0
  m_LocalEulerAnglesHint: {x: 0, y: 0, z: 0}
--- !u!1 &725338270
GameObject:
  m_ObjectHideFlags: 0
  m_PrefabParentObject: {fileID: 100136, guid: 0950ed52d930c264cb91a646a7555993, type: 3}
  m_PrefabInternal: {fileID: 0}
  serializedVersion: 5
  m_Component:
  - component: {fileID: 725338271}
  m_Layer: 0
  m_Name: Robot_RightInHandRing
  m_TagString: Untagged
  m_Icon: {fileID: 0}
  m_NavMeshLayer: 0
  m_StaticEditorFlags: 0
  m_IsActive: 1
--- !u!4 &725338271
Transform:
  m_ObjectHideFlags: 0
  m_PrefabParentObject: {fileID: 400136, guid: 0950ed52d930c264cb91a646a7555993, type: 3}
  m_PrefabInternal: {fileID: 0}
  m_GameObject: {fileID: 725338270}
  m_LocalRotation: {x: 4.8572257e-17, y: 6.740755e-34, z: 1.3877788e-17, w: 1}
  m_LocalPosition: {x: 0.045672074, y: 0.0073501584, z: -0.0017597997}
  m_LocalScale: {x: 1, y: 1, z: 1}
  m_Children:
  - {fileID: 342152133}
  m_Father: {fileID: 400908350}
  m_RootOrder: 4
  m_LocalEulerAnglesHint: {x: 0, y: 0, z: 0}
--- !u!1 &748473058
GameObject:
  m_ObjectHideFlags: 0
  m_PrefabParentObject: {fileID: 100090, guid: 0950ed52d930c264cb91a646a7555993, type: 3}
  m_PrefabInternal: {fileID: 0}
  serializedVersion: 5
  m_Component:
  - component: {fileID: 748473059}
  m_Layer: 0
  m_Name: Robot_RightHandIndex1
  m_TagString: Untagged
  m_Icon: {fileID: 0}
  m_NavMeshLayer: 0
  m_StaticEditorFlags: 0
  m_IsActive: 1
--- !u!4 &748473059
Transform:
  m_ObjectHideFlags: 0
  m_PrefabParentObject: {fileID: 400090, guid: 0950ed52d930c264cb91a646a7555993, type: 3}
  m_PrefabInternal: {fileID: 0}
  m_GameObject: {fileID: 748473058}
  m_LocalRotation: {x: 4.8572257e-17, y: 6.740755e-34, z: 1.3877788e-17, w: 1}
  m_LocalPosition: {x: 0.070869066, y: -0.0012400817, z: 0.013564706}
  m_LocalScale: {x: 1, y: 1, z: 1}
  m_Children:
  - {fileID: 1587498386}
  m_Father: {fileID: 1860352471}
  m_RootOrder: 0
  m_LocalEulerAnglesHint: {x: 0, y: 0, z: 0}
--- !u!1 &770811760
GameObject:
  m_ObjectHideFlags: 0
  m_PrefabParentObject: {fileID: 100032, guid: 0950ed52d930c264cb91a646a7555993, type: 3}
  m_PrefabInternal: {fileID: 0}
  serializedVersion: 5
  m_Component:
  - component: {fileID: 770811761}
  m_Layer: 0
  m_Name: Robot_LeftHandMiddle3
  m_TagString: Untagged
  m_Icon: {fileID: 0}
  m_NavMeshLayer: 0
  m_StaticEditorFlags: 0
  m_IsActive: 1
--- !u!4 &770811761
Transform:
  m_ObjectHideFlags: 0
  m_PrefabParentObject: {fileID: 400032, guid: 0950ed52d930c264cb91a646a7555993, type: 3}
  m_PrefabInternal: {fileID: 0}
  m_GameObject: {fileID: 770811760}
  m_LocalRotation: {x: -1.3877788e-17, y: -4.814825e-34, z: 3.469447e-17, w: 1}
  m_LocalPosition: {x: -0.0334935, y: -0.0025872802, z: 0.00014287948}
  m_LocalScale: {x: 1, y: 1, z: 1}
  m_Children:
  - {fileID: 1258909195}
  m_Father: {fileID: 1723396436}
  m_RootOrder: 0
  m_LocalEulerAnglesHint: {x: 0, y: 0, z: 0}
--- !u!1 &771907550
GameObject:
  m_ObjectHideFlags: 0
  m_PrefabParentObject: {fileID: 100060, guid: 0950ed52d930c264cb91a646a7555993, type: 3}
  m_PrefabInternal: {fileID: 0}
  serializedVersion: 5
  m_Component:
  - component: {fileID: 771907551}
  m_Layer: 0
  m_Name: Robot_LeftInHandIndex
  m_TagString: Untagged
  m_Icon: {fileID: 0}
  m_NavMeshLayer: 0
  m_StaticEditorFlags: 0
  m_IsActive: 1
--- !u!4 &771907551
Transform:
  m_ObjectHideFlags: 0
  m_PrefabParentObject: {fileID: 400060, guid: 0950ed52d930c264cb91a646a7555993, type: 3}
  m_PrefabInternal: {fileID: 0}
  m_GameObject: {fileID: 771907550}
  m_LocalRotation: {x: -1.3877788e-17, y: -4.814825e-34, z: 3.469447e-17, w: 1}
  m_LocalPosition: {x: -0.043752592, y: 0.0068923947, z: 0.026853435}
  m_LocalScale: {x: 1, y: 1, z: 1}
  m_Children:
  - {fileID: 540697217}
  m_Father: {fileID: 1701672781}
  m_RootOrder: 1
  m_LocalEulerAnglesHint: {x: 0, y: 0, z: 0}
--- !u!1 &772579804
GameObject:
  m_ObjectHideFlags: 0
  m_PrefabParentObject: {fileID: 100036, guid: 0950ed52d930c264cb91a646a7555993, type: 3}
  m_PrefabInternal: {fileID: 0}
  serializedVersion: 5
  m_Component:
  - component: {fileID: 772579805}
  m_Layer: 0
  m_Name: Robot_LeftHandPinky1
  m_TagString: Untagged
  m_Icon: {fileID: 0}
  m_NavMeshLayer: 0
  m_StaticEditorFlags: 0
  m_IsActive: 1
--- !u!4 &772579805
Transform:
  m_ObjectHideFlags: 0
  m_PrefabParentObject: {fileID: 400036, guid: 0950ed52d930c264cb91a646a7555993, type: 3}
  m_PrefabInternal: {fileID: 0}
  m_GameObject: {fileID: 772579804}
  m_LocalRotation: {x: -1.3877788e-17, y: -4.814825e-34, z: 3.469447e-17, w: 1}
  m_LocalPosition: {x: -0.056182478, y: -0.00036621094, z: -0.014798068}
  m_LocalScale: {x: 1, y: 1, z: 1}
  m_Children:
  - {fileID: 28108374}
  m_Father: {fileID: 2002736681}
  m_RootOrder: 0
  m_LocalEulerAnglesHint: {x: 0, y: 0, z: 0}
--- !u!1 &787915197
GameObject:
  m_ObjectHideFlags: 0
  m_PrefabParentObject: {fileID: 0}
  m_PrefabInternal: {fileID: 0}
  serializedVersion: 5
  m_Component:
  - component: {fileID: 787915199}
  - component: {fileID: 787915198}
  m_Layer: 0
  m_Name: HeadTracking
  m_TagString: Untagged
  m_Icon: {fileID: 0}
  m_NavMeshLayer: 0
  m_StaticEditorFlags: 0
  m_IsActive: 1
--- !u!114 &787915198
MonoBehaviour:
  m_ObjectHideFlags: 0
  m_PrefabParentObject: {fileID: 0}
  m_PrefabInternal: {fileID: 0}
  m_GameObject: {fileID: 787915197}
  m_Enabled: 1
  m_EditorHideFlags: 0
  m_Script: {fileID: 11500000, guid: 98298c0a75600c548b5fa720e997dd42, type: 3}
  m_Name: 
  m_EditorClassIdentifier: 
  headTransform: {fileID: 183235597}
  offset: {x: 0, y: 0, z: 0}
--- !u!4 &787915199
Transform:
  m_ObjectHideFlags: 0
  m_PrefabParentObject: {fileID: 0}
  m_PrefabInternal: {fileID: 0}
  m_GameObject: {fileID: 787915197}
  m_LocalRotation: {x: 0, y: 0, z: 0, w: 1}
  m_LocalPosition: {x: 0, y: 0, z: 0}
  m_LocalScale: {x: 1, y: 1, z: 1}
  m_Children:
  - {fileID: 1663324605}
  m_Father: {fileID: 0}
  m_RootOrder: 4
  m_LocalEulerAnglesHint: {x: 0, y: 0, z: 0}
--- !u!1 &807953348
GameObject:
  m_ObjectHideFlags: 0
  m_PrefabParentObject: {fileID: 100056, guid: 0950ed52d930c264cb91a646a7555993, type: 3}
  m_PrefabInternal: {fileID: 0}
  serializedVersion: 5
  m_Component:
  - component: {fileID: 807953349}
  m_Layer: 0
  m_Name: Robot_LeftHandThumb3
  m_TagString: Untagged
  m_Icon: {fileID: 0}
  m_NavMeshLayer: 0
  m_StaticEditorFlags: 0
  m_IsActive: 1
--- !u!4 &807953349
Transform:
  m_ObjectHideFlags: 0
  m_PrefabParentObject: {fileID: 400056, guid: 0950ed52d930c264cb91a646a7555993, type: 3}
  m_PrefabInternal: {fileID: 0}
  m_GameObject: {fileID: 807953348}
  m_LocalRotation: {x: -1.3877788e-17, y: -4.814825e-34, z: 3.469447e-17, w: 1}
  m_LocalPosition: {x: -0.034724806, y: -0.000079650876, z: 0.000101220605}
  m_LocalScale: {x: 1, y: 1, z: 1}
  m_Children:
  - {fileID: 461383775}
  m_Father: {fileID: 1131755812}
  m_RootOrder: 0
  m_LocalEulerAnglesHint: {x: 0, y: 0, z: 0}
--- !u!1 &863333729
GameObject:
  m_ObjectHideFlags: 0
  m_PrefabParentObject: {fileID: 100108, guid: 0950ed52d930c264cb91a646a7555993, type: 3}
  m_PrefabInternal: {fileID: 0}
  serializedVersion: 5
  m_Component:
  - component: {fileID: 863333730}
  m_Layer: 0
  m_Name: Robot_RightHandPinky2
  m_TagString: Untagged
  m_Icon: {fileID: 0}
  m_NavMeshLayer: 0
  m_StaticEditorFlags: 0
  m_IsActive: 1
--- !u!4 &863333730
Transform:
  m_ObjectHideFlags: 0
  m_PrefabParentObject: {fileID: 400108, guid: 0950ed52d930c264cb91a646a7555993, type: 3}
  m_PrefabInternal: {fileID: 0}
  m_GameObject: {fileID: 863333729}
  m_LocalRotation: {x: 4.8572257e-17, y: 6.740755e-34, z: 1.3877788e-17, w: 1}
  m_LocalPosition: {x: 0.03736191, y: -0.0020390318, z: -0.00017241}
  m_LocalScale: {x: 1, y: 1, z: 1}
  m_Children:
  - {fileID: 29189218}
  m_Father: {fileID: 1191128234}
  m_RootOrder: 0
  m_LocalEulerAnglesHint: {x: 0, y: 0, z: 0}
--- !u!1001 &907954281
Prefab:
  m_ObjectHideFlags: 0
  serializedVersion: 2
  m_Modification:
    m_TransformParent: {fileID: 0}
    m_Modifications:
    - target: {fileID: 400000, guid: 51f1d9d1a4930964186764b8a192fb9d, type: 3}
      propertyPath: m_LocalPosition.x
      value: 0
      objectReference: {fileID: 0}
    - target: {fileID: 400000, guid: 51f1d9d1a4930964186764b8a192fb9d, type: 3}
      propertyPath: m_LocalPosition.y
      value: 0
      objectReference: {fileID: 0}
    - target: {fileID: 400000, guid: 51f1d9d1a4930964186764b8a192fb9d, type: 3}
      propertyPath: m_LocalPosition.z
      value: 0
      objectReference: {fileID: 0}
    - target: {fileID: 400000, guid: 51f1d9d1a4930964186764b8a192fb9d, type: 3}
      propertyPath: m_LocalRotation.x
      value: 0
      objectReference: {fileID: 0}
    - target: {fileID: 400000, guid: 51f1d9d1a4930964186764b8a192fb9d, type: 3}
      propertyPath: m_LocalRotation.y
      value: 0
      objectReference: {fileID: 0}
    - target: {fileID: 400000, guid: 51f1d9d1a4930964186764b8a192fb9d, type: 3}
      propertyPath: m_LocalRotation.z
      value: 0
      objectReference: {fileID: 0}
    - target: {fileID: 400000, guid: 51f1d9d1a4930964186764b8a192fb9d, type: 3}
      propertyPath: m_LocalRotation.w
      value: 1
      objectReference: {fileID: 0}
    - target: {fileID: 400000, guid: 51f1d9d1a4930964186764b8a192fb9d, type: 3}
      propertyPath: m_RootOrder
      value: 2
      objectReference: {fileID: 0}
    - target: {fileID: 100000, guid: 51f1d9d1a4930964186764b8a192fb9d, type: 3}
      propertyPath: m_IsActive
      value: 1
      objectReference: {fileID: 0}
    m_RemovedComponents: []
  m_ParentPrefab: {fileID: 100100000, guid: 51f1d9d1a4930964186764b8a192fb9d, type: 3}
  m_IsPrefabParent: 0
--- !u!1 &927960090
GameObject:
  m_ObjectHideFlags: 0
  m_PrefabParentObject: {fileID: 100010, guid: 0950ed52d930c264cb91a646a7555993, type: 3}
  m_PrefabInternal: {fileID: 0}
  serializedVersion: 5
  m_Component:
  - component: {fileID: 927960091}
  m_Layer: 0
  m_Name: Robot_Hips
  m_TagString: Untagged
  m_Icon: {fileID: 0}
  m_NavMeshLayer: 0
  m_StaticEditorFlags: 0
  m_IsActive: 1
--- !u!4 &927960091
Transform:
  m_ObjectHideFlags: 0
  m_PrefabParentObject: {fileID: 400010, guid: 0950ed52d930c264cb91a646a7555993, type: 3}
  m_PrefabInternal: {fileID: 0}
  m_GameObject: {fileID: 927960090}
  m_LocalRotation: {x: 0, y: -0, z: -0, w: 1}
  m_LocalPosition: {x: -0, y: 1.1138859, z: -0.012485122}
  m_LocalScale: {x: 1, y: 1, z: 1}
  m_Children:
  - {fileID: 1639999164}
  - {fileID: 1588993860}
  - {fileID: 556959176}
  m_Father: {fileID: 551639567}
  m_RootOrder: 0
  m_LocalEulerAnglesHint: {x: 0, y: 0, z: 0}
--- !u!1 &946430077
GameObject:
  m_ObjectHideFlags: 0
  m_PrefabParentObject: {fileID: 100076, guid: 0950ed52d930c264cb91a646a7555993, type: 3}
  m_PrefabInternal: {fileID: 0}
  serializedVersion: 5
  m_Component:
  - component: {fileID: 946430078}
  m_Layer: 0
  m_Name: Robot_Neck
  m_TagString: Untagged
  m_Icon: {fileID: 0}
  m_NavMeshLayer: 0
  m_StaticEditorFlags: 0
  m_IsActive: 1
--- !u!4 &946430078
Transform:
  m_ObjectHideFlags: 0
  m_PrefabParentObject: {fileID: 400076, guid: 0950ed52d930c264cb91a646a7555993, type: 3}
  m_PrefabInternal: {fileID: 0}
  m_GameObject: {fileID: 946430077}
  m_LocalRotation: {x: 0, y: -0, z: -0, w: 1}
  m_LocalPosition: {x: 1.1879386e-16, y: 0.25949937, z: -0.006105485}
  m_LocalScale: {x: 1, y: 1, z: 1}
  m_Children:
  - {fileID: 183235597}
  m_Father: {fileID: 643300811}
  m_RootOrder: 1
  m_LocalEulerAnglesHint: {x: 0, y: 0, z: 0}
--- !u!1 &949130630
GameObject:
  m_ObjectHideFlags: 0
  m_PrefabParentObject: {fileID: 100142, guid: 0950ed52d930c264cb91a646a7555993, type: 3}
  m_PrefabInternal: {fileID: 0}
  serializedVersion: 5
  m_Component:
  - component: {fileID: 949130631}
  m_Layer: 0
  m_Name: Robot_RightToeBase
  m_TagString: Untagged
  m_Icon: {fileID: 0}
  m_NavMeshLayer: 0
  m_StaticEditorFlags: 0
  m_IsActive: 1
--- !u!4 &949130631
Transform:
  m_ObjectHideFlags: 0
  m_PrefabParentObject: {fileID: 400142, guid: 0950ed52d930c264cb91a646a7555993, type: 3}
  m_PrefabInternal: {fileID: 0}
  m_GameObject: {fileID: 949130630}
  m_LocalRotation: {x: 0, y: -0, z: -0, w: 1}
  m_LocalPosition: {x: 0.000000085830685, y: -0.0638183, z: 0.121593356}
  m_LocalScale: {x: 1, y: 1, z: 1}
  m_Children: []
  m_Father: {fileID: 470742529}
  m_RootOrder: 0
  m_LocalEulerAnglesHint: {x: 0, y: 0, z: 0}
--- !u!1 &958821841
GameObject:
  m_ObjectHideFlags: 0
  m_PrefabParentObject: {fileID: 100124, guid: 0950ed52d930c264cb91a646a7555993, type: 3}
  m_PrefabInternal: {fileID: 0}
  serializedVersion: 5
  m_Component:
  - component: {fileID: 958821842}
  m_Layer: 0
  m_Name: Robot_RightHandThumb2
  m_TagString: Untagged
  m_Icon: {fileID: 0}
  m_NavMeshLayer: 0
  m_StaticEditorFlags: 0
  m_IsActive: 1
--- !u!4 &958821842
Transform:
  m_ObjectHideFlags: 0
  m_PrefabParentObject: {fileID: 400124, guid: 0950ed52d930c264cb91a646a7555993, type: 3}
  m_PrefabInternal: {fileID: 0}
  m_GameObject: {fileID: 958821841}
  m_LocalRotation: {x: 4.8572257e-17, y: 6.740755e-34, z: 1.3877788e-17, w: 1}
  m_LocalPosition: {x: 0.049988404, y: -0.000057678222, z: -0.0002239871}
  m_LocalScale: {x: 1, y: 1, z: 1}
  m_Children:
  - {fileID: 1931967118}
  m_Father: {fileID: 1123112747}
  m_RootOrder: 0
  m_LocalEulerAnglesHint: {x: 0, y: 0, z: 0}
--- !u!1 &1032622285
GameObject:
  m_ObjectHideFlags: 0
  m_PrefabParentObject: {fileID: 100042, guid: 0950ed52d930c264cb91a646a7555993, type: 3}
  m_PrefabInternal: {fileID: 0}
  serializedVersion: 5
  m_Component:
  - component: {fileID: 1032622286}
  m_Layer: 0
  m_Name: Robot_LeftHandPinky4
  m_TagString: Untagged
  m_Icon: {fileID: 0}
  m_NavMeshLayer: 0
  m_StaticEditorFlags: 0
  m_IsActive: 1
--- !u!4 &1032622286
Transform:
  m_ObjectHideFlags: 0
  m_PrefabParentObject: {fileID: 400042, guid: 0950ed52d930c264cb91a646a7555993, type: 3}
  m_PrefabInternal: {fileID: 0}
  m_GameObject: {fileID: 1032622285}
  m_LocalRotation: {x: -1.3877788e-17, y: -4.814825e-34, z: 3.469447e-17, w: 1}
  m_LocalPosition: {x: -0.022208022, y: -0.00232193, z: 0.000012555122}
  m_LocalScale: {x: 1, y: 1, z: 1}
  m_Children: []
  m_Father: {fileID: 1867150358}
  m_RootOrder: 0
  m_LocalEulerAnglesHint: {x: 0, y: 0, z: 0}
--- !u!4 &1033596139 stripped
Transform:
  m_PrefabParentObject: {fileID: 400004, guid: 51f1d9d1a4930964186764b8a192fb9d, type: 3}
  m_PrefabInternal: {fileID: 907954281}
--- !u!1 &1048410165
GameObject:
  m_ObjectHideFlags: 0
  m_PrefabParentObject: {fileID: 100080, guid: 0950ed52d930c264cb91a646a7555993, type: 3}
  m_PrefabInternal: {fileID: 0}
  serializedVersion: 5
  m_Component:
  - component: {fileID: 1048410166}
  m_Layer: 0
  m_Name: Robot_References
  m_TagString: Untagged
  m_Icon: {fileID: 0}
  m_NavMeshLayer: 0
  m_StaticEditorFlags: 0
  m_IsActive: 1
--- !u!4 &1048410166
Transform:
  m_ObjectHideFlags: 0
  m_PrefabParentObject: {fileID: 400080, guid: 0950ed52d930c264cb91a646a7555993, type: 3}
  m_PrefabInternal: {fileID: 0}
  m_GameObject: {fileID: 1048410165}
  m_LocalRotation: {x: 0, y: -0, z: -0, w: 1}
  m_LocalPosition: {x: -0, y: 0, z: -0.04105751}
  m_LocalScale: {x: 1, y: 1, z: 1}
  m_Children:
  - {fileID: 551639567}
  m_Father: {fileID: 400828366}
  m_RootOrder: 1
  m_LocalEulerAnglesHint: {x: 0, y: 0, z: 0}
--- !u!1 &1068474989
GameObject:
  m_ObjectHideFlags: 0
  m_PrefabParentObject: {fileID: 100096, guid: 0950ed52d930c264cb91a646a7555993, type: 3}
  m_PrefabInternal: {fileID: 0}
  serializedVersion: 5
  m_Component:
  - component: {fileID: 1068474990}
  m_Layer: 0
  m_Name: Robot_RightHandIndex4
  m_TagString: Untagged
  m_Icon: {fileID: 0}
  m_NavMeshLayer: 0
  m_StaticEditorFlags: 0
  m_IsActive: 1
--- !u!4 &1068474990
Transform:
  m_ObjectHideFlags: 0
  m_PrefabParentObject: {fileID: 400096, guid: 0950ed52d930c264cb91a646a7555993, type: 3}
  m_PrefabInternal: {fileID: 0}
  m_GameObject: {fileID: 1068474989}
  m_LocalRotation: {x: 4.8572257e-17, y: 6.740755e-34, z: 1.3877788e-17, w: 1}
  m_LocalPosition: {x: 0.024410933, y: -0.002639923, z: -0.00018211364}
  m_LocalScale: {x: 1, y: 1, z: 1}
  m_Children: []
  m_Father: {fileID: 451181045}
  m_RootOrder: 0
  m_LocalEulerAnglesHint: {x: 0, y: 0, z: 0}
--- !u!1 &1083030447
GameObject:
  m_ObjectHideFlags: 0
  m_PrefabParentObject: {fileID: 100050, guid: 0950ed52d930c264cb91a646a7555993, type: 3}
  m_PrefabInternal: {fileID: 0}
  serializedVersion: 5
  m_Component:
  - component: {fileID: 1083030448}
  m_Layer: 0
  m_Name: Robot_LeftHandRing4
  m_TagString: Untagged
  m_Icon: {fileID: 0}
  m_NavMeshLayer: 0
  m_StaticEditorFlags: 0
  m_IsActive: 1
--- !u!4 &1083030448
Transform:
  m_ObjectHideFlags: 0
  m_PrefabParentObject: {fileID: 400050, guid: 0950ed52d930c264cb91a646a7555993, type: 3}
  m_PrefabInternal: {fileID: 0}
  m_GameObject: {fileID: 1083030447}
  m_LocalRotation: {x: -1.3877788e-17, y: -4.814825e-34, z: 3.469447e-17, w: 1}
  m_LocalPosition: {x: -0.02503746, y: -0.002580261, z: -0.00006345034}
  m_LocalScale: {x: 1, y: 1, z: 1}
  m_Children: []
  m_Father: {fileID: 1194770657}
  m_RootOrder: 0
  m_LocalEulerAnglesHint: {x: 0, y: 0, z: 0}
--- !u!1 &1123112746
GameObject:
  m_ObjectHideFlags: 0
  m_PrefabParentObject: {fileID: 100122, guid: 0950ed52d930c264cb91a646a7555993, type: 3}
  m_PrefabInternal: {fileID: 0}
  serializedVersion: 5
  m_Component:
  - component: {fileID: 1123112747}
  m_Layer: 0
  m_Name: Robot_RightHandThumb1
  m_TagString: Untagged
  m_Icon: {fileID: 0}
  m_NavMeshLayer: 0
  m_StaticEditorFlags: 0
  m_IsActive: 1
--- !u!4 &1123112747
Transform:
  m_ObjectHideFlags: 0
  m_PrefabParentObject: {fileID: 400122, guid: 0950ed52d930c264cb91a646a7555993, type: 3}
  m_PrefabInternal: {fileID: 0}
  m_GameObject: {fileID: 1123112746}
  m_LocalRotation: {x: 4.8572257e-17, y: 6.740755e-34, z: 1.3877788e-17, w: 1}
  m_LocalPosition: {x: 0.033787, y: 0.0025801086, z: 0.042356003}
  m_LocalScale: {x: 1, y: 1, z: 1}
  m_Children:
  - {fileID: 958821842}
  m_Father: {fileID: 400908350}
  m_RootOrder: 0
  m_LocalEulerAnglesHint: {x: 0, y: 0, z: 0}
--- !u!1 &1131755811
GameObject:
  m_ObjectHideFlags: 0
  m_PrefabParentObject: {fileID: 100054, guid: 0950ed52d930c264cb91a646a7555993, type: 3}
  m_PrefabInternal: {fileID: 0}
  serializedVersion: 5
  m_Component:
  - component: {fileID: 1131755812}
  m_Layer: 0
  m_Name: Robot_LeftHandThumb2
  m_TagString: Untagged
  m_Icon: {fileID: 0}
  m_NavMeshLayer: 0
  m_StaticEditorFlags: 0
  m_IsActive: 1
--- !u!4 &1131755812
Transform:
  m_ObjectHideFlags: 0
  m_PrefabParentObject: {fileID: 400054, guid: 0950ed52d930c264cb91a646a7555993, type: 3}
  m_PrefabInternal: {fileID: 0}
  m_GameObject: {fileID: 1131755811}
  m_LocalRotation: {x: -1.3877788e-17, y: -4.814825e-34, z: 3.469447e-17, w: 1}
  m_LocalPosition: {x: -0.049987946, y: 0.00012680053, z: -0.00012565851}
  m_LocalScale: {x: 1, y: 1, z: 1}
  m_Children:
  - {fileID: 807953349}
  m_Father: {fileID: 2142597693}
  m_RootOrder: 0
  m_LocalEulerAnglesHint: {x: 0, y: 0, z: 0}
--- !u!1 &1191128233
GameObject:
  m_ObjectHideFlags: 0
  m_PrefabParentObject: {fileID: 100106, guid: 0950ed52d930c264cb91a646a7555993, type: 3}
  m_PrefabInternal: {fileID: 0}
  serializedVersion: 5
  m_Component:
  - component: {fileID: 1191128234}
  m_Layer: 0
  m_Name: Robot_RightHandPinky1
  m_TagString: Untagged
  m_Icon: {fileID: 0}
  m_NavMeshLayer: 0
  m_StaticEditorFlags: 0
  m_IsActive: 1
--- !u!4 &1191128234
Transform:
  m_ObjectHideFlags: 0
  m_PrefabParentObject: {fileID: 400106, guid: 0950ed52d930c264cb91a646a7555993, type: 3}
  m_PrefabInternal: {fileID: 0}
  m_GameObject: {fileID: 1191128233}
  m_LocalRotation: {x: 4.8572257e-17, y: 6.740755e-34, z: 1.3877788e-17, w: 1}
  m_LocalPosition: {x: 0.056183014, y: -0.00035995484, z: -0.014798107}
  m_LocalScale: {x: 1, y: 1, z: 1}
  m_Children:
  - {fileID: 863333730}
  m_Father: {fileID: 170604512}
  m_RootOrder: 0
  m_LocalEulerAnglesHint: {x: 0, y: 0, z: 0}
--- !u!1 &1194770656
GameObject:
  m_ObjectHideFlags: 0
  m_PrefabParentObject: {fileID: 100048, guid: 0950ed52d930c264cb91a646a7555993, type: 3}
  m_PrefabInternal: {fileID: 0}
  serializedVersion: 5
  m_Component:
  - component: {fileID: 1194770657}
  m_Layer: 0
  m_Name: Robot_LeftHandRing3
  m_TagString: Untagged
  m_Icon: {fileID: 0}
  m_NavMeshLayer: 0
  m_StaticEditorFlags: 0
  m_IsActive: 1
--- !u!4 &1194770657
Transform:
  m_ObjectHideFlags: 0
  m_PrefabParentObject: {fileID: 400048, guid: 0950ed52d930c264cb91a646a7555993, type: 3}
  m_PrefabInternal: {fileID: 0}
  m_GameObject: {fileID: 1194770656}
  m_LocalRotation: {x: -1.3877788e-17, y: -4.814825e-34, z: 3.469447e-17, w: 1}
  m_LocalPosition: {x: -0.03232788, y: -0.0023251341, z: 0.000018806457}
  m_LocalScale: {x: 1, y: 1, z: 1}
  m_Children:
  - {fileID: 1083030448}
  m_Father: {fileID: 304613279}
  m_RootOrder: 0
  m_LocalEulerAnglesHint: {x: 0, y: 0, z: 0}
--- !u!1 &1196253012
GameObject:
  m_ObjectHideFlags: 0
  m_PrefabParentObject: {fileID: 0}
  m_PrefabInternal: {fileID: 0}
  serializedVersion: 5
  m_Component:
  - component: {fileID: 1196253013}
  m_Layer: 0
  m_Name: OVRCameraTarget
  m_TagString: Untagged
  m_Icon: {fileID: 0}
  m_NavMeshLayer: 0
  m_StaticEditorFlags: 0
  m_IsActive: 1
--- !u!4 &1196253013
Transform:
  m_ObjectHideFlags: 0
  m_PrefabParentObject: {fileID: 0}
  m_PrefabInternal: {fileID: 0}
  m_GameObject: {fileID: 1196253012}
  m_LocalRotation: {x: 0, y: 1, z: 0, w: -0.00000004371139}
  m_LocalPosition: {x: -0, y: 0.09000008, z: -0.06502977}
  m_LocalScale: {x: 1, y: 1, z: 1}
  m_Children: []
  m_Father: {fileID: 1033596139}
  m_RootOrder: 1
  m_LocalEulerAnglesHint: {x: 0, y: 0, z: 0}
--- !u!1 &1199329870
GameObject:
  m_ObjectHideFlags: 0
  m_PrefabParentObject: {fileID: 100100, guid: 0950ed52d930c264cb91a646a7555993, type: 3}
  m_PrefabInternal: {fileID: 0}
  serializedVersion: 5
  m_Component:
  - component: {fileID: 1199329871}
  m_Layer: 0
  m_Name: Robot_RightHandMiddle2
  m_TagString: Untagged
  m_Icon: {fileID: 0}
  m_NavMeshLayer: 0
  m_StaticEditorFlags: 0
  m_IsActive: 1
--- !u!4 &1199329871
Transform:
  m_ObjectHideFlags: 0
  m_PrefabParentObject: {fileID: 400100, guid: 0950ed52d930c264cb91a646a7555993, type: 3}
  m_PrefabInternal: {fileID: 0}
  m_GameObject: {fileID: 1199329870}
  m_LocalRotation: {x: 4.8572257e-17, y: 6.740755e-34, z: 1.3877788e-17, w: 1}
  m_LocalPosition: {x: 0.053482816, y: -0.003639984, z: -0.00013987467}
  m_LocalScale: {x: 1, y: 1, z: 1}
  m_Children:
  - {fileID: 2027529113}
  m_Father: {fileID: 347734194}
  m_RootOrder: 0
  m_LocalEulerAnglesHint: {x: 0, y: 0, z: 0}
--- !u!1 &1258909194
GameObject:
  m_ObjectHideFlags: 0
  m_PrefabParentObject: {fileID: 100034, guid: 0950ed52d930c264cb91a646a7555993, type: 3}
  m_PrefabInternal: {fileID: 0}
  serializedVersion: 5
  m_Component:
  - component: {fileID: 1258909195}
  m_Layer: 0
  m_Name: Robot_LeftHandMiddle4
  m_TagString: Untagged
  m_Icon: {fileID: 0}
  m_NavMeshLayer: 0
  m_StaticEditorFlags: 0
  m_IsActive: 1
--- !u!4 &1258909195
Transform:
  m_ObjectHideFlags: 0
  m_PrefabParentObject: {fileID: 400034, guid: 0950ed52d930c264cb91a646a7555993, type: 3}
  m_PrefabInternal: {fileID: 0}
  m_GameObject: {fileID: 1258909194}
  m_LocalRotation: {x: -1.3877788e-17, y: -4.814825e-34, z: 3.469447e-17, w: 1}
  m_LocalPosition: {x: -0.026661986, y: -0.0027456665, z: 0.000001848638}
  m_LocalScale: {x: 1, y: 1, z: 1}
  m_Children: []
  m_Father: {fileID: 770811761}
  m_RootOrder: 0
  m_LocalEulerAnglesHint: {x: 0, y: 0, z: 0}
--- !u!1 &1271443398
GameObject:
  m_ObjectHideFlags: 0
  m_PrefabParentObject: {fileID: 100026, guid: 0950ed52d930c264cb91a646a7555993, type: 3}
  m_PrefabInternal: {fileID: 0}
  serializedVersion: 5
  m_Component:
  - component: {fileID: 1271443399}
  m_Layer: 0
  m_Name: Robot_LeftHandIndex4
  m_TagString: Untagged
  m_Icon: {fileID: 0}
  m_NavMeshLayer: 0
  m_StaticEditorFlags: 0
  m_IsActive: 1
--- !u!4 &1271443399
Transform:
  m_ObjectHideFlags: 0
  m_PrefabParentObject: {fileID: 400026, guid: 0950ed52d930c264cb91a646a7555993, type: 3}
  m_PrefabInternal: {fileID: 0}
  m_GameObject: {fileID: 1271443398}
  m_LocalRotation: {x: -1.3877788e-17, y: -4.814825e-34, z: 3.469447e-17, w: 1}
  m_LocalPosition: {x: -0.02441162, y: -0.002638092, z: 0.00006413936}
  m_LocalScale: {x: 1, y: 1, z: 1}
  m_Children: []
  m_Father: {fileID: 1792798086}
  m_RootOrder: 0
  m_LocalEulerAnglesHint: {x: 0, y: 0, z: 0}
--- !u!1 &1288464500
GameObject:
  m_ObjectHideFlags: 0
  m_PrefabParentObject: {fileID: 100066, guid: 0950ed52d930c264cb91a646a7555993, type: 3}
  m_PrefabInternal: {fileID: 0}
  serializedVersion: 5
  m_Component:
  - component: {fileID: 1288464501}
  m_Layer: 0
  m_Name: Robot_LeftInHandRing
  m_TagString: Untagged
  m_Icon: {fileID: 0}
  m_NavMeshLayer: 0
  m_StaticEditorFlags: 0
  m_IsActive: 1
--- !u!4 &1288464501
Transform:
  m_ObjectHideFlags: 0
  m_PrefabParentObject: {fileID: 400066, guid: 0950ed52d930c264cb91a646a7555993, type: 3}
  m_PrefabInternal: {fileID: 0}
  m_GameObject: {fileID: 1288464500}
  m_LocalRotation: {x: -1.3877788e-17, y: -4.814825e-34, z: 3.469447e-17, w: 1}
  m_LocalPosition: {x: -0.04567215, y: 0.007352142, z: -0.0017597532}
  m_LocalScale: {x: 1, y: 1, z: 1}
  m_Children:
  - {fileID: 1639053103}
  m_Father: {fileID: 1701672781}
  m_RootOrder: 4
  m_LocalEulerAnglesHint: {x: 0, y: 0, z: 0}
--- !u!1 &1306391929 stripped
GameObject:
  m_PrefabParentObject: {fileID: 100000, guid: 51f1d9d1a4930964186764b8a192fb9d, type: 3}
  m_PrefabInternal: {fileID: 907954281}
--- !u!114 &1306391931
MonoBehaviour:
  m_ObjectHideFlags: 0
  m_PrefabParentObject: {fileID: 0}
  m_PrefabInternal: {fileID: 0}
  m_GameObject: {fileID: 1306391929}
  m_Enabled: 1
  m_EditorHideFlags: 0
  m_Script: {fileID: 11500000, guid: 41173daca41f9a64b8552925c6a3c363, type: 3}
  m_Name: 
  m_EditorClassIdentifier: 
  address: 127.0.0.1
  port: 7001
  socketType: 0
  actorID: 0
  connectToAxis: 1
  boundAnimator: {fileID: 1306391932}
  physicalUpdate: 0
--- !u!95 &1306391932 stripped
Animator:
  m_PrefabParentObject: {fileID: 9500000, guid: 51f1d9d1a4930964186764b8a192fb9d,
    type: 3}
  m_PrefabInternal: {fileID: 907954281}
--- !u!1 &1432153481
GameObject:
  m_ObjectHideFlags: 0
  m_PrefabParentObject: {fileID: 100082, guid: 0950ed52d930c264cb91a646a7555993, type: 3}
  m_PrefabInternal: {fileID: 0}
  serializedVersion: 5
  m_Component:
  - component: {fileID: 1432153482}
  m_Layer: 0
  m_Name: Robot_RightArm
  m_TagString: Untagged
  m_Icon: {fileID: 0}
  m_NavMeshLayer: 0
  m_StaticEditorFlags: 0
  m_IsActive: 1
--- !u!4 &1432153482
Transform:
  m_ObjectHideFlags: 0
  m_PrefabParentObject: {fileID: 400082, guid: 0950ed52d930c264cb91a646a7555993, type: 3}
  m_PrefabInternal: {fileID: 0}
  m_GameObject: {fileID: 1432153481}
  m_LocalRotation: {x: 0, y: -0, z: -0, w: 1}
  m_LocalPosition: {x: 0.13336162, y: -0.061496522, z: 0.0030837485}
  m_LocalScale: {x: 1, y: 1, z: 1}
  m_Children:
  - {fileID: 1608422239}
  m_Father: {fileID: 492611600}
  m_RootOrder: 0
  m_LocalEulerAnglesHint: {x: 0, y: 0, z: 0}
--- !u!1 &1466761647
GameObject:
  m_ObjectHideFlags: 0
  m_PrefabParentObject: {fileID: 100120, guid: 0950ed52d930c264cb91a646a7555993, type: 3}
  m_PrefabInternal: {fileID: 0}
  serializedVersion: 5
  m_Component:
  - component: {fileID: 1466761648}
  m_Layer: 0
  m_Name: Robot_RightHandRing4
  m_TagString: Untagged
  m_Icon: {fileID: 0}
  m_NavMeshLayer: 0
  m_StaticEditorFlags: 0
  m_IsActive: 1
--- !u!4 &1466761648
Transform:
  m_ObjectHideFlags: 0
  m_PrefabParentObject: {fileID: 400120, guid: 0950ed52d930c264cb91a646a7555993, type: 3}
  m_PrefabInternal: {fileID: 0}
  m_GameObject: {fileID: 1466761647}
  m_LocalRotation: {x: 4.8572257e-17, y: 6.740755e-34, z: 1.3877788e-17, w: 1}
  m_LocalPosition: {x: 0.0249897, y: -0.002992096, z: -0.00024336099}
  m_LocalScale: {x: 1, y: 1, z: 1}
  m_Children: []
  m_Father: {fileID: 170406841}
  m_RootOrder: 0
  m_LocalEulerAnglesHint: {x: 0, y: 0, z: 0}
--- !u!1 &1475368487
GameObject:
  m_ObjectHideFlags: 0
  m_PrefabParentObject: {fileID: 100128, guid: 0950ed52d930c264cb91a646a7555993, type: 3}
  m_PrefabInternal: {fileID: 0}
  serializedVersion: 5
  m_Component:
  - component: {fileID: 1475368488}
  m_Layer: 0
  m_Name: Robot_RightHandThumb4
  m_TagString: Untagged
  m_Icon: {fileID: 0}
  m_NavMeshLayer: 0
  m_StaticEditorFlags: 0
  m_IsActive: 1
--- !u!4 &1475368488
Transform:
  m_ObjectHideFlags: 0
  m_PrefabParentObject: {fileID: 400128, guid: 0950ed52d930c264cb91a646a7555993, type: 3}
  m_PrefabInternal: {fileID: 0}
  m_GameObject: {fileID: 1475368487}
  m_LocalRotation: {x: 4.8572257e-17, y: 6.740755e-34, z: 1.3877788e-17, w: 1}
  m_LocalPosition: {x: 0.029777298, y: 0.000115966795, z: 0.00026114463}
  m_LocalScale: {x: 1, y: 1, z: 1}
  m_Children: []
  m_Father: {fileID: 1931967118}
  m_RootOrder: 0
  m_LocalEulerAnglesHint: {x: 0, y: 0, z: 0}
--- !u!1 &1495155617
GameObject:
  m_ObjectHideFlags: 0
  m_PrefabParentObject: {fileID: 100022, guid: 0950ed52d930c264cb91a646a7555993, type: 3}
  m_PrefabInternal: {fileID: 0}
  serializedVersion: 5
  m_Component:
  - component: {fileID: 1495155618}
  m_Layer: 0
  m_Name: Robot_LeftHandIndex2
  m_TagString: Untagged
  m_Icon: {fileID: 0}
  m_NavMeshLayer: 0
  m_StaticEditorFlags: 0
  m_IsActive: 1
--- !u!4 &1495155618
Transform:
  m_ObjectHideFlags: 0
  m_PrefabParentObject: {fileID: 400022, guid: 0950ed52d930c264cb91a646a7555993, type: 3}
  m_PrefabInternal: {fileID: 0}
  m_GameObject: {fileID: 1495155617}
  m_LocalRotation: {x: -1.3877788e-17, y: -4.814825e-34, z: 3.469447e-17, w: 1}
  m_LocalPosition: {x: -0.049062345, y: -0.002390747, z: -0.00012319088}
  m_LocalScale: {x: 1, y: 1, z: 1}
  m_Children:
  - {fileID: 1792798086}
  m_Father: {fileID: 540697217}
  m_RootOrder: 0
  m_LocalEulerAnglesHint: {x: 0, y: 0, z: 0}
--- !u!1 &1550460159
GameObject:
  m_ObjectHideFlags: 0
  m_PrefabParentObject: {fileID: 100002, guid: 0950ed52d930c264cb91a646a7555993, type: 3}
  m_PrefabInternal: {fileID: 0}
  serializedVersion: 5
  m_Component:
  - component: {fileID: 1550460160}
  - component: {fileID: 1550460161}
  m_Layer: 0
  m_Name: PumpkinHulk
  m_TagString: Untagged
  m_Icon: {fileID: 0}
  m_NavMeshLayer: 0
  m_StaticEditorFlags: 0
  m_IsActive: 1
--- !u!4 &1550460160
Transform:
  m_ObjectHideFlags: 0
  m_PrefabParentObject: {fileID: 400002, guid: 0950ed52d930c264cb91a646a7555993, type: 3}
  m_PrefabInternal: {fileID: 0}
  m_GameObject: {fileID: 1550460159}
  m_LocalRotation: {x: 0, y: -0, z: -0, w: 1}
  m_LocalPosition: {x: -0, y: 0, z: 0}
  m_LocalScale: {x: 1, y: 1, z: 1}
  m_Children: []
  m_Father: {fileID: 400828366}
  m_RootOrder: 0
  m_LocalEulerAnglesHint: {x: 0, y: 0, z: 0}
--- !u!137 &1550460161
SkinnedMeshRenderer:
  m_ObjectHideFlags: 0
  m_PrefabParentObject: {fileID: 13700000, guid: 0950ed52d930c264cb91a646a7555993,
    type: 3}
  m_PrefabInternal: {fileID: 0}
  m_GameObject: {fileID: 1550460159}
  m_Enabled: 1
  m_CastShadows: 1
  m_ReceiveShadows: 1
  m_MotionVectors: 1
  m_LightProbeUsage: 1
  m_ReflectionProbeUsage: 1
  m_Materials:
  - {fileID: 2100000, guid: 9e77e671c6c55bc4095123a824d9c7f6, type: 2}
  m_StaticBatchInfo:
    firstSubMesh: 0
    subMeshCount: 0
  m_StaticBatchRoot: {fileID: 0}
  m_ProbeAnchor: {fileID: 0}
  m_LightProbeVolumeOverride: {fileID: 0}
  m_ScaleInLightmap: 1
  m_PreserveUVs: 0
  m_IgnoreNormalsForChartDetection: 0
  m_ImportantGI: 0
  m_SelectedEditorRenderState: 3
  m_MinimumChartSize: 4
  m_AutoUVMaxDistance: 0.5
  m_AutoUVMaxAngle: 89
  m_LightmapParameters: {fileID: 0}
  m_SortingLayerID: 0
  m_SortingOrder: 0
  serializedVersion: 2
  m_Quality: 0
  m_UpdateWhenOffscreen: 0
  m_SkinnedMotionVectors: 1
  m_Mesh: {fileID: 4300000, guid: 0950ed52d930c264cb91a646a7555993, type: 3}
  m_Bones:
  - {fileID: 1048410166}
  - {fileID: 551639567}
  - {fileID: 927960091}
  - {fileID: 556959176}
  - {fileID: 2023880956}
  - {fileID: 1884986441}
  - {fileID: 643300811}
  - {fileID: 946430078}
  - {fileID: 183235597}
  - {fileID: 553961234}
  - {fileID: 672020625}
  - {fileID: 2088665522}
  - {fileID: 380116583}
  - {fileID: 1701672781}
  - {fileID: 2142597693}
  - {fileID: 1131755812}
  - {fileID: 807953349}
  - {fileID: 461383775}
  - {fileID: 771907551}
  - {fileID: 540697217}
  - {fileID: 1495155618}
  - {fileID: 1792798086}
  - {fileID: 1271443399}
  - {fileID: 1797414902}
  - {fileID: 1809520059}
  - {fileID: 1723396436}
  - {fileID: 770811761}
  - {fileID: 1258909195}
  - {fileID: 1288464501}
  - {fileID: 1639053103}
  - {fileID: 304613279}
  - {fileID: 1194770657}
  - {fileID: 1083030448}
  - {fileID: 2002736681}
  - {fileID: 772579805}
  - {fileID: 28108374}
  - {fileID: 1867150358}
  - {fileID: 1032622286}
  - {fileID: 492611600}
  - {fileID: 1432153482}
  - {fileID: 1608422239}
  - {fileID: 400908350}
  - {fileID: 1123112747}
  - {fileID: 958821842}
  - {fileID: 1931967118}
  - {fileID: 1475368488}
  - {fileID: 1860352471}
  - {fileID: 748473059}
  - {fileID: 1587498386}
  - {fileID: 451181045}
  - {fileID: 1068474990}
  - {fileID: 182388174}
  - {fileID: 347734194}
  - {fileID: 1199329871}
  - {fileID: 2027529113}
  - {fileID: 1616888984}
  - {fileID: 725338271}
  - {fileID: 342152133}
  - {fileID: 570974770}
  - {fileID: 170406841}
  - {fileID: 1466761648}
  - {fileID: 170604512}
  - {fileID: 1191128234}
  - {fileID: 863333730}
  - {fileID: 29189218}
  - {fileID: 1615170483}
  - {fileID: 1639999164}
  - {fileID: 266484740}
  - {fileID: 435280133}
  - {fileID: 1915002807}
  - {fileID: 1588993860}
  - {fileID: 1797239643}
  - {fileID: 470742529}
  - {fileID: 949130631}
  m_BlendShapeWeights: []
  m_RootBone: {fileID: 1048410166}
  m_AABB:
    m_Center: {x: -0.032767355, y: 1.0204079, z: 0.0085944235}
    m_Extent: {x: 1.2107916, y: 1.0162926, z: 0.33737206}
  m_DirtyAABB: 0
--- !u!1 &1587498385
GameObject:
  m_ObjectHideFlags: 0
  m_PrefabParentObject: {fileID: 100092, guid: 0950ed52d930c264cb91a646a7555993, type: 3}
  m_PrefabInternal: {fileID: 0}
  serializedVersion: 5
  m_Component:
  - component: {fileID: 1587498386}
  m_Layer: 0
  m_Name: Robot_RightHandIndex2
  m_TagString: Untagged
  m_Icon: {fileID: 0}
  m_NavMeshLayer: 0
  m_StaticEditorFlags: 0
  m_IsActive: 1
--- !u!4 &1587498386
Transform:
  m_ObjectHideFlags: 0
  m_PrefabParentObject: {fileID: 400092, guid: 0950ed52d930c264cb91a646a7555993, type: 3}
  m_PrefabInternal: {fileID: 0}
  m_GameObject: {fileID: 1587498385}
  m_LocalRotation: {x: 4.8572257e-17, y: 6.740755e-34, z: 1.3877788e-17, w: 1}
  m_LocalPosition: {x: 0.049062192, y: -0.002389984, z: 0.00008839607}
  m_LocalScale: {x: 1, y: 1, z: 1}
  m_Children:
  - {fileID: 451181045}
  m_Father: {fileID: 748473059}
  m_RootOrder: 0
  m_LocalEulerAnglesHint: {x: 0, y: 0, z: 0}
--- !u!1 &1588993859
GameObject:
  m_ObjectHideFlags: 0
  m_PrefabParentObject: {fileID: 100144, guid: 0950ed52d930c264cb91a646a7555993, type: 3}
  m_PrefabInternal: {fileID: 0}
  serializedVersion: 5
  m_Component:
  - component: {fileID: 1588993860}
  m_Layer: 0
  m_Name: Robot_RightUpLeg
  m_TagString: Untagged
  m_Icon: {fileID: 0}
  m_NavMeshLayer: 0
  m_StaticEditorFlags: 0
  m_IsActive: 1
--- !u!4 &1588993860
Transform:
  m_ObjectHideFlags: 0
  m_PrefabParentObject: {fileID: 400144, guid: 0950ed52d930c264cb91a646a7555993, type: 3}
  m_PrefabInternal: {fileID: 0}
  m_GameObject: {fileID: 1588993859}
  m_LocalRotation: {x: 0, y: -0, z: -0, w: 1}
  m_LocalPosition: {x: 0.13011248, y: -0.0880629, z: -0.0085835215}
  m_LocalScale: {x: 1, y: 1, z: 1}
  m_Children:
  - {fileID: 1797239643}
  m_Father: {fileID: 927960091}
  m_RootOrder: 1
  m_LocalEulerAnglesHint: {x: 0, y: 0, z: 0}
--- !u!1 &1608422238
GameObject:
  m_ObjectHideFlags: 0
  m_PrefabParentObject: {fileID: 100086, guid: 0950ed52d930c264cb91a646a7555993, type: 3}
  m_PrefabInternal: {fileID: 0}
  serializedVersion: 5
  m_Component:
  - component: {fileID: 1608422239}
  m_Layer: 0
  m_Name: Robot_RightForeArm
  m_TagString: Untagged
  m_Icon: {fileID: 0}
  m_NavMeshLayer: 0
  m_StaticEditorFlags: 0
  m_IsActive: 1
--- !u!4 &1608422239
Transform:
  m_ObjectHideFlags: 0
  m_PrefabParentObject: {fileID: 400086, guid: 0950ed52d930c264cb91a646a7555993, type: 3}
  m_PrefabInternal: {fileID: 0}
  m_GameObject: {fileID: 1608422238}
  m_LocalRotation: {x: 0, y: -0, z: -0, w: 1}
  m_LocalPosition: {x: 0.26175332, y: -0.27019456, z: -0.08211502}
  m_LocalScale: {x: 1, y: 1, z: 1}
  m_Children:
  - {fileID: 400908350}
  m_Father: {fileID: 1432153482}
  m_RootOrder: 0
  m_LocalEulerAnglesHint: {x: 0, y: 0, z: 0}
--- !u!1 &1615170482
GameObject:
  m_ObjectHideFlags: 0
  m_PrefabParentObject: {fileID: 100112, guid: 0950ed52d930c264cb91a646a7555993, type: 3}
  m_PrefabInternal: {fileID: 0}
  serializedVersion: 5
  m_Component:
  - component: {fileID: 1615170483}
  m_Layer: 0
  m_Name: Robot_RightHandPinky4
  m_TagString: Untagged
  m_Icon: {fileID: 0}
  m_NavMeshLayer: 0
  m_StaticEditorFlags: 0
  m_IsActive: 1
--- !u!4 &1615170483
Transform:
  m_ObjectHideFlags: 0
  m_PrefabParentObject: {fileID: 400112, guid: 0950ed52d930c264cb91a646a7555993, type: 3}
  m_PrefabInternal: {fileID: 0}
  m_GameObject: {fileID: 1615170482}
  m_LocalRotation: {x: 4.8572257e-17, y: 6.740755e-34, z: 1.3877788e-17, w: 1}
  m_LocalPosition: {x: 0.0222126, y: -0.0022802735, z: 0.00006594181}
  m_LocalScale: {x: 1, y: 1, z: 1}
  m_Children: []
  m_Father: {fileID: 29189218}
  m_RootOrder: 0
  m_LocalEulerAnglesHint: {x: 0, y: 0, z: 0}
--- !u!1 &1616888983
GameObject:
  m_ObjectHideFlags: 0
  m_PrefabParentObject: {fileID: 100104, guid: 0950ed52d930c264cb91a646a7555993, type: 3}
  m_PrefabInternal: {fileID: 0}
  serializedVersion: 5
  m_Component:
  - component: {fileID: 1616888984}
  m_Layer: 0
  m_Name: Robot_RightHandMiddle4
  m_TagString: Untagged
  m_Icon: {fileID: 0}
  m_NavMeshLayer: 0
  m_StaticEditorFlags: 0
  m_IsActive: 1
--- !u!4 &1616888984
Transform:
  m_ObjectHideFlags: 0
  m_PrefabParentObject: {fileID: 400104, guid: 0950ed52d930c264cb91a646a7555993, type: 3}
  m_PrefabInternal: {fileID: 0}
  m_GameObject: {fileID: 1616888983}
  m_LocalRotation: {x: 4.8572257e-17, y: 6.740755e-34, z: 1.3877788e-17, w: 1}
  m_LocalPosition: {x: 0.026656875, y: -0.0027400206, z: -0.0005033262}
  m_LocalScale: {x: 1, y: 1, z: 1}
  m_Children: []
  m_Father: {fileID: 2027529113}
  m_RootOrder: 0
  m_LocalEulerAnglesHint: {x: 0, y: 0, z: 0}
--- !u!1 &1639053102
GameObject:
  m_ObjectHideFlags: 0
  m_PrefabParentObject: {fileID: 100044, guid: 0950ed52d930c264cb91a646a7555993, type: 3}
  m_PrefabInternal: {fileID: 0}
  serializedVersion: 5
  m_Component:
  - component: {fileID: 1639053103}
  m_Layer: 0
  m_Name: Robot_LeftHandRing1
  m_TagString: Untagged
  m_Icon: {fileID: 0}
  m_NavMeshLayer: 0
  m_StaticEditorFlags: 0
  m_IsActive: 1
--- !u!4 &1639053103
Transform:
  m_ObjectHideFlags: 0
  m_PrefabParentObject: {fileID: 400044, guid: 0950ed52d930c264cb91a646a7555993, type: 3}
  m_PrefabInternal: {fileID: 0}
  m_GameObject: {fileID: 1639053102}
  m_LocalRotation: {x: -1.3877788e-17, y: -4.814825e-34, z: 3.469447e-17, w: 1}
  m_LocalPosition: {x: -0.06295448, y: -0.0003025818, z: -0.0065211784}
  m_LocalScale: {x: 1, y: 1, z: 1}
  m_Children:
  - {fileID: 304613279}
  m_Father: {fileID: 1288464501}
  m_RootOrder: 0
  m_LocalEulerAnglesHint: {x: 0, y: 0, z: 0}
--- !u!1 &1639999163
GameObject:
  m_ObjectHideFlags: 0
  m_PrefabParentObject: {fileID: 100074, guid: 0950ed52d930c264cb91a646a7555993, type: 3}
  m_PrefabInternal: {fileID: 0}
  serializedVersion: 5
  m_Component:
  - component: {fileID: 1639999164}
  m_Layer: 0
  m_Name: Robot_LeftUpLeg
  m_TagString: Untagged
  m_Icon: {fileID: 0}
  m_NavMeshLayer: 0
  m_StaticEditorFlags: 0
  m_IsActive: 1
--- !u!4 &1639999164
Transform:
  m_ObjectHideFlags: 0
  m_PrefabParentObject: {fileID: 400074, guid: 0950ed52d930c264cb91a646a7555993, type: 3}
  m_PrefabInternal: {fileID: 0}
  m_GameObject: {fileID: 1639999163}
  m_LocalRotation: {x: 0, y: -0, z: -0, w: 1}
  m_LocalPosition: {x: -0.13011248, y: -0.0880629, z: -0.0085835215}
  m_LocalScale: {x: 1, y: 1, z: 1}
  m_Children:
  - {fileID: 266484740}
  m_Father: {fileID: 927960091}
  m_RootOrder: 0
  m_LocalEulerAnglesHint: {x: 0, y: 0, z: 0}
--- !u!1 &1663324599
GameObject:
  m_ObjectHideFlags: 0
  m_PrefabParentObject: {fileID: 0}
  m_PrefabInternal: {fileID: 0}
  serializedVersion: 5
  m_Component:
  - component: {fileID: 1663324605}
  - component: {fileID: 1663324604}
  - component: {fileID: 1663324603}
  - component: {fileID: 1663324602}
  - component: {fileID: 1663324601}
  - component: {fileID: 1663324600}
  m_Layer: 0
  m_Name: Camera
  m_TagString: Untagged
  m_Icon: {fileID: 0}
  m_NavMeshLayer: 0
  m_StaticEditorFlags: 0
  m_IsActive: 1
--- !u!114 &1663324600
MonoBehaviour:
  m_ObjectHideFlags: 0
  m_PrefabParentObject: {fileID: 0}
  m_PrefabInternal: {fileID: 0}
  m_GameObject: {fileID: 1663324599}
  m_Enabled: 1
  m_EditorHideFlags: 0
  m_Script: {fileID: 11500000, guid: 52982aaedbe3ab347b22225ef0506885, type: 3}
  m_Name: 
  m_EditorClassIdentifier: 
  bindTransform: {fileID: 1196253013}
--- !u!81 &1663324601
AudioListener:
  m_ObjectHideFlags: 0
  m_PrefabParentObject: {fileID: 0}
  m_PrefabInternal: {fileID: 0}
  m_GameObject: {fileID: 1663324599}
  m_Enabled: 1
--- !u!92 &1663324602
Behaviour:
  m_ObjectHideFlags: 0
  m_PrefabParentObject: {fileID: 0}
  m_PrefabInternal: {fileID: 0}
  m_GameObject: {fileID: 1663324599}
  m_Enabled: 1
--- !u!124 &1663324603
Behaviour:
  m_ObjectHideFlags: 0
  m_PrefabParentObject: {fileID: 0}
  m_PrefabInternal: {fileID: 0}
  m_GameObject: {fileID: 1663324599}
  m_Enabled: 1
--- !u!20 &1663324604
Camera:
  m_ObjectHideFlags: 0
  m_PrefabParentObject: {fileID: 0}
  m_PrefabInternal: {fileID: 0}
  m_GameObject: {fileID: 1663324599}
  m_Enabled: 1
  serializedVersion: 2
  m_ClearFlags: 1
  m_BackGroundColor: {r: 0.19215687, g: 0.3019608, b: 0.4745098, a: 0.019607844}
  m_NormalizedViewPortRect:
    serializedVersion: 2
    x: 0
    y: 0
    width: 1
    height: 1
  near clip plane: 0.3
  far clip plane: 1000
  field of view: 60
  orthographic: 0
  orthographic size: 5
  m_Depth: 0
  m_CullingMask:
    serializedVersion: 2
    m_Bits: 4294967295
  m_RenderingPath: -1
  m_TargetTexture: {fileID: 0}
  m_TargetDisplay: 0
  m_TargetEye: 3
  m_HDR: 0
  m_OcclusionCulling: 1
  m_StereoConvergence: 10
  m_StereoSeparation: 0.022
  m_StereoMirrorMode: 0
--- !u!4 &1663324605
Transform:
  m_ObjectHideFlags: 0
  m_PrefabParentObject: {fileID: 0}
  m_PrefabInternal: {fileID: 0}
  m_GameObject: {fileID: 1663324599}
  m_LocalRotation: {x: -0, y: -0, z: -0, w: 1}
  m_LocalPosition: {x: 0, y: 0, z: 0}
  m_LocalScale: {x: 1, y: 1, z: 1}
  m_Children: []
  m_Father: {fileID: 787915199}
  m_RootOrder: 0
  m_LocalEulerAnglesHint: {x: 0, y: 0, z: 0}
--- !u!1 &1701672780
GameObject:
  m_ObjectHideFlags: 0
  m_PrefabParentObject: {fileID: 100018, guid: 0950ed52d930c264cb91a646a7555993, type: 3}
  m_PrefabInternal: {fileID: 0}
  serializedVersion: 5
  m_Component:
  - component: {fileID: 1701672781}
  m_Layer: 0
  m_Name: Robot_LeftHand
  m_TagString: Untagged
  m_Icon: {fileID: 0}
  m_NavMeshLayer: 0
  m_StaticEditorFlags: 0
  m_IsActive: 1
--- !u!4 &1701672781
Transform:
  m_ObjectHideFlags: 0
  m_PrefabParentObject: {fileID: 400018, guid: 0950ed52d930c264cb91a646a7555993, type: 3}
  m_PrefabInternal: {fileID: 0}
  m_GameObject: {fileID: 1701672780}
  m_LocalRotation: {x: -0.16421884, y: 0.31408837, z: 0.27348182, w: 0.89419705}
  m_LocalPosition: {x: -0.3391717, y: -0.16425788, z: 0.10084527}
  m_LocalScale: {x: 1, y: 1, z: 1}
  m_Children:
  - {fileID: 2142597693}
  - {fileID: 771907551}
  - {fileID: 1797414902}
  - {fileID: 2002736681}
  - {fileID: 1288464501}
  m_Father: {fileID: 380116583}
  m_RootOrder: 0
  m_LocalEulerAnglesHint: {x: 0, y: 0, z: 0}
--- !u!1 &1723396435
GameObject:
  m_ObjectHideFlags: 0
  m_PrefabParentObject: {fileID: 100030, guid: 0950ed52d930c264cb91a646a7555993, type: 3}
  m_PrefabInternal: {fileID: 0}
  serializedVersion: 5
  m_Component:
  - component: {fileID: 1723396436}
  m_Layer: 0
  m_Name: Robot_LeftHandMiddle2
  m_TagString: Untagged
  m_Icon: {fileID: 0}
  m_NavMeshLayer: 0
  m_StaticEditorFlags: 0
  m_IsActive: 1
--- !u!4 &1723396436
Transform:
  m_ObjectHideFlags: 0
  m_PrefabParentObject: {fileID: 400030, guid: 0950ed52d930c264cb91a646a7555993, type: 3}
  m_PrefabInternal: {fileID: 0}
  m_GameObject: {fileID: 1723396435}
  m_LocalRotation: {x: -1.3877788e-17, y: -4.814825e-34, z: 3.469447e-17, w: 1}
  m_LocalPosition: {x: -0.053481977, y: -0.003643341, z: -0.00015678957}
  m_LocalScale: {x: 1, y: 1, z: 1}
  m_Children:
  - {fileID: 770811761}
  m_Father: {fileID: 1809520059}
  m_RootOrder: 0
  m_LocalEulerAnglesHint: {x: 0, y: 0, z: 0}
--- !u!1 &1762916391
GameObject:
  m_ObjectHideFlags: 0
  m_PrefabParentObject: {fileID: 0}
  m_PrefabInternal: {fileID: 0}
  serializedVersion: 5
  m_Component:
  - component: {fileID: 1762916395}
  - component: {fileID: 1762916394}
  - component: {fileID: 1762916393}
  - component: {fileID: 1762916392}
  m_Layer: 0
  m_Name: Plane
  m_TagString: Untagged
  m_Icon: {fileID: 0}
  m_NavMeshLayer: 0
  m_StaticEditorFlags: 0
  m_IsActive: 1
--- !u!23 &1762916392
MeshRenderer:
  m_ObjectHideFlags: 0
  m_PrefabParentObject: {fileID: 0}
  m_PrefabInternal: {fileID: 0}
  m_GameObject: {fileID: 1762916391}
  m_Enabled: 1
  m_CastShadows: 1
  m_ReceiveShadows: 1
  m_MotionVectors: 1
  m_LightProbeUsage: 0
  m_ReflectionProbeUsage: 1
  m_Materials:
  - {fileID: 10302, guid: 0000000000000000f000000000000000, type: 0}
  m_StaticBatchInfo:
    firstSubMesh: 0
    subMeshCount: 0
  m_StaticBatchRoot: {fileID: 0}
  m_ProbeAnchor: {fileID: 0}
  m_LightProbeVolumeOverride: {fileID: 0}
  m_ScaleInLightmap: 1
  m_PreserveUVs: 0
  m_IgnoreNormalsForChartDetection: 0
  m_ImportantGI: 0
  m_SelectedEditorRenderState: 3
  m_MinimumChartSize: 4
  m_AutoUVMaxDistance: 0.5
  m_AutoUVMaxAngle: 89
  m_LightmapParameters: {fileID: 0}
  m_SortingLayerID: 0
  m_SortingOrder: 0
--- !u!64 &1762916393
MeshCollider:
  m_ObjectHideFlags: 0
  m_PrefabParentObject: {fileID: 0}
  m_PrefabInternal: {fileID: 0}
  m_GameObject: {fileID: 1762916391}
  m_Material: {fileID: 0}
  m_IsTrigger: 0
  m_Enabled: 1
  serializedVersion: 2
  m_Convex: 0
  m_InflateMesh: 0
  m_SkinWidth: 0.01
  m_Mesh: {fileID: 10209, guid: 0000000000000000e000000000000000, type: 0}
--- !u!33 &1762916394
MeshFilter:
  m_ObjectHideFlags: 0
  m_PrefabParentObject: {fileID: 0}
  m_PrefabInternal: {fileID: 0}
  m_GameObject: {fileID: 1762916391}
  m_Mesh: {fileID: 10209, guid: 0000000000000000e000000000000000, type: 0}
--- !u!4 &1762916395
Transform:
  m_ObjectHideFlags: 0
  m_PrefabParentObject: {fileID: 0}
  m_PrefabInternal: {fileID: 0}
  m_GameObject: {fileID: 1762916391}
  m_LocalRotation: {x: 0, y: 0, z: 0, w: 1}
  m_LocalPosition: {x: 0, y: 0, z: 0}
  m_LocalScale: {x: 1, y: 1, z: 1}
  m_Children: []
  m_Father: {fileID: 0}
  m_RootOrder: 0
  m_LocalEulerAnglesHint: {x: 0, y: 0, z: 0}
--- !u!1 &1792798085
GameObject:
  m_ObjectHideFlags: 0
  m_PrefabParentObject: {fileID: 100024, guid: 0950ed52d930c264cb91a646a7555993, type: 3}
  m_PrefabInternal: {fileID: 0}
  serializedVersion: 5
  m_Component:
  - component: {fileID: 1792798086}
  m_Layer: 0
  m_Name: Robot_LeftHandIndex3
  m_TagString: Untagged
  m_Icon: {fileID: 0}
  m_NavMeshLayer: 0
  m_StaticEditorFlags: 0
  m_IsActive: 1
--- !u!4 &1792798086
Transform:
  m_ObjectHideFlags: 0
  m_PrefabParentObject: {fileID: 400024, guid: 0950ed52d930c264cb91a646a7555993, type: 3}
  m_PrefabInternal: {fileID: 0}
  m_GameObject: {fileID: 1792798085}
  m_LocalRotation: {x: -1.3877788e-17, y: -4.814825e-34, z: 3.469447e-17, w: 1}
  m_LocalPosition: {x: -0.027793732, y: -0.0017312622, z: 0.00010981321}
  m_LocalScale: {x: 1, y: 1, z: 1}
  m_Children:
  - {fileID: 1271443399}
  m_Father: {fileID: 1495155618}
  m_RootOrder: 0
  m_LocalEulerAnglesHint: {x: 0, y: 0, z: 0}
--- !u!1 &1797239642
GameObject:
  m_ObjectHideFlags: 0
  m_PrefabParentObject: {fileID: 100138, guid: 0950ed52d930c264cb91a646a7555993, type: 3}
  m_PrefabInternal: {fileID: 0}
  serializedVersion: 5
  m_Component:
  - component: {fileID: 1797239643}
  m_Layer: 0
  m_Name: Robot_RightLeg
  m_TagString: Untagged
  m_Icon: {fileID: 0}
  m_NavMeshLayer: 0
  m_StaticEditorFlags: 0
  m_IsActive: 1
--- !u!4 &1797239643
Transform:
  m_ObjectHideFlags: 0
  m_PrefabParentObject: {fileID: 400138, guid: 0950ed52d930c264cb91a646a7555993, type: 3}
  m_PrefabInternal: {fileID: 0}
  m_GameObject: {fileID: 1797239642}
  m_LocalRotation: {x: 0, y: -0, z: -0, w: 1}
  m_LocalPosition: {x: 0.0734565, y: -0.53639543, z: 0.03438987}
  m_LocalScale: {x: 1, y: 1, z: 1}
  m_Children:
  - {fileID: 470742529}
  m_Father: {fileID: 1588993860}
  m_RootOrder: 0
  m_LocalEulerAnglesHint: {x: 0, y: 0, z: 0}
--- !u!1 &1797414901
GameObject:
  m_ObjectHideFlags: 0
  m_PrefabParentObject: {fileID: 100062, guid: 0950ed52d930c264cb91a646a7555993, type: 3}
  m_PrefabInternal: {fileID: 0}
  serializedVersion: 5
  m_Component:
  - component: {fileID: 1797414902}
  m_Layer: 0
  m_Name: Robot_LeftInHandMiddle
  m_TagString: Untagged
  m_Icon: {fileID: 0}
  m_NavMeshLayer: 0
  m_StaticEditorFlags: 0
  m_IsActive: 1
--- !u!4 &1797414902
Transform:
  m_ObjectHideFlags: 0
  m_PrefabParentObject: {fileID: 400062, guid: 0950ed52d930c264cb91a646a7555993, type: 3}
  m_PrefabInternal: {fileID: 0}
  m_GameObject: {fileID: 1797414901}
  m_LocalRotation: {x: -1.3877788e-17, y: -4.814825e-34, z: 3.469447e-17, w: 1}
  m_LocalPosition: {x: -0.045923002, y: 0.0070205685, z: 0.010279348}
  m_LocalScale: {x: 1, y: 1, z: 1}
  m_Children:
  - {fileID: 1809520059}
  m_Father: {fileID: 1701672781}
  m_RootOrder: 2
  m_LocalEulerAnglesHint: {x: 0, y: 0, z: 0}
--- !u!1 &1809520058
GameObject:
  m_ObjectHideFlags: 0
  m_PrefabParentObject: {fileID: 100028, guid: 0950ed52d930c264cb91a646a7555993, type: 3}
  m_PrefabInternal: {fileID: 0}
  serializedVersion: 5
  m_Component:
  - component: {fileID: 1809520059}
  m_Layer: 0
  m_Name: Robot_LeftHandMiddle1
  m_TagString: Untagged
  m_Icon: {fileID: 0}
  m_NavMeshLayer: 0
  m_StaticEditorFlags: 0
  m_IsActive: 1
--- !u!4 &1809520059
Transform:
  m_ObjectHideFlags: 0
  m_PrefabParentObject: {fileID: 400028, guid: 0950ed52d930c264cb91a646a7555993, type: 3}
  m_PrefabInternal: {fileID: 0}
  m_GameObject: {fileID: 1809520058}
  m_LocalRotation: {x: -1.3877788e-17, y: -4.814825e-34, z: 3.469447e-17, w: 1}
  m_LocalPosition: {x: -0.07022827, y: -0.0011416626, z: 0.004263849}
  m_LocalScale: {x: 1, y: 1, z: 1}
  m_Children:
  - {fileID: 1723396436}
  m_Father: {fileID: 1797414902}
  m_RootOrder: 0
  m_LocalEulerAnglesHint: {x: 0, y: 0, z: 0}
--- !u!1 &1860352470
GameObject:
  m_ObjectHideFlags: 0
  m_PrefabParentObject: {fileID: 100130, guid: 0950ed52d930c264cb91a646a7555993, type: 3}
  m_PrefabInternal: {fileID: 0}
  serializedVersion: 5
  m_Component:
  - component: {fileID: 1860352471}
  m_Layer: 0
  m_Name: Robot_RightInHandIndex
  m_TagString: Untagged
  m_Icon: {fileID: 0}
  m_NavMeshLayer: 0
  m_StaticEditorFlags: 0
  m_IsActive: 1
--- !u!4 &1860352471
Transform:
  m_ObjectHideFlags: 0
  m_PrefabParentObject: {fileID: 400130, guid: 0950ed52d930c264cb91a646a7555993, type: 3}
  m_PrefabInternal: {fileID: 0}
  m_GameObject: {fileID: 1860352470}
  m_LocalRotation: {x: 4.8572257e-17, y: 6.740755e-34, z: 1.3877788e-17, w: 1}
  m_LocalPosition: {x: 0.04375305, y: 0.006900177, z: 0.026853401}
  m_LocalScale: {x: 1, y: 1, z: 1}
  m_Children:
  - {fileID: 748473059}
  m_Father: {fileID: 400908350}
  m_RootOrder: 1
  m_LocalEulerAnglesHint: {x: 0, y: 0, z: 0}
--- !u!1 &1867150357
GameObject:
  m_ObjectHideFlags: 0
  m_PrefabParentObject: {fileID: 100040, guid: 0950ed52d930c264cb91a646a7555993, type: 3}
  m_PrefabInternal: {fileID: 0}
  serializedVersion: 5
  m_Component:
  - component: {fileID: 1867150358}
  m_Layer: 0
  m_Name: Robot_LeftHandPinky3
  m_TagString: Untagged
  m_Icon: {fileID: 0}
  m_NavMeshLayer: 0
  m_StaticEditorFlags: 0
  m_IsActive: 1
--- !u!4 &1867150358
Transform:
  m_ObjectHideFlags: 0
  m_PrefabParentObject: {fileID: 400040, guid: 0950ed52d930c264cb91a646a7555993, type: 3}
  m_PrefabInternal: {fileID: 0}
  m_GameObject: {fileID: 1867150357}
  m_LocalRotation: {x: -1.3877788e-17, y: -4.814825e-34, z: 3.469447e-17, w: 1}
  m_LocalPosition: {x: -0.02357231, y: -0.0017794799, z: -0.000118775366}
  m_LocalScale: {x: 1, y: 1, z: 1}
  m_Children:
  - {fileID: 1032622286}
  m_Father: {fileID: 28108374}
  m_RootOrder: 0
  m_LocalEulerAnglesHint: {x: 0, y: 0, z: 0}
--- !u!1 &1884986440
GameObject:
  m_ObjectHideFlags: 0
  m_PrefabParentObject: {fileID: 100150, guid: 0950ed52d930c264cb91a646a7555993, type: 3}
  m_PrefabInternal: {fileID: 0}
  serializedVersion: 5
  m_Component:
  - component: {fileID: 1884986441}
  m_Layer: 0
  m_Name: Robot_Spine2
  m_TagString: Untagged
  m_Icon: {fileID: 0}
  m_NavMeshLayer: 0
  m_StaticEditorFlags: 0
  m_IsActive: 1
--- !u!4 &1884986441
Transform:
  m_ObjectHideFlags: 0
  m_PrefabParentObject: {fileID: 400150, guid: 0950ed52d930c264cb91a646a7555993, type: 3}
  m_PrefabInternal: {fileID: 0}
  m_GameObject: {fileID: 1884986440}
  m_LocalRotation: {x: 0, y: -0, z: -0, w: 1}
  m_LocalPosition: {x: 4.0527506e-16, y: 0.120330654, z: -0.016498921}
  m_LocalScale: {x: 1, y: 1, z: 1}
  m_Children:
  - {fileID: 643300811}
  m_Father: {fileID: 2023880956}
  m_RootOrder: 0
  m_LocalEulerAnglesHint: {x: 0, y: 0, z: 0}
--- !u!1 &1915002806
GameObject:
  m_ObjectHideFlags: 0
  m_PrefabParentObject: {fileID: 100072, guid: 0950ed52d930c264cb91a646a7555993, type: 3}
  m_PrefabInternal: {fileID: 0}
  serializedVersion: 5
  m_Component:
  - component: {fileID: 1915002807}
  m_Layer: 0
  m_Name: Robot_LeftToeBase
  m_TagString: Untagged
  m_Icon: {fileID: 0}
  m_NavMeshLayer: 0
  m_StaticEditorFlags: 0
  m_IsActive: 1
--- !u!4 &1915002807
Transform:
  m_ObjectHideFlags: 0
  m_PrefabParentObject: {fileID: 400072, guid: 0950ed52d930c264cb91a646a7555993, type: 3}
  m_PrefabInternal: {fileID: 0}
  m_GameObject: {fileID: 1915002806}
  m_LocalRotation: {x: 0, y: -0, z: -0, w: 1}
  m_LocalPosition: {x: -0.000000085830685, y: -0.052510466, z: 0.121593356}
  m_LocalScale: {x: 1, y: 1, z: 1}
  m_Children: []
  m_Father: {fileID: 435280133}
  m_RootOrder: 0
  m_LocalEulerAnglesHint: {x: 0, y: 0, z: 0}
--- !u!1 &1931967117
GameObject:
  m_ObjectHideFlags: 0
  m_PrefabParentObject: {fileID: 100126, guid: 0950ed52d930c264cb91a646a7555993, type: 3}
  m_PrefabInternal: {fileID: 0}
  serializedVersion: 5
  m_Component:
  - component: {fileID: 1931967118}
  m_Layer: 0
  m_Name: Robot_RightHandThumb3
  m_TagString: Untagged
  m_Icon: {fileID: 0}
  m_NavMeshLayer: 0
  m_StaticEditorFlags: 0
  m_IsActive: 1
--- !u!4 &1931967118
Transform:
  m_ObjectHideFlags: 0
  m_PrefabParentObject: {fileID: 400126, guid: 0950ed52d930c264cb91a646a7555993, type: 3}
  m_PrefabInternal: {fileID: 0}
  m_GameObject: {fileID: 1931967117}
  m_LocalRotation: {x: 4.8572257e-17, y: 6.740755e-34, z: 1.3877788e-17, w: 1}
  m_LocalPosition: {x: 0.03472366, y: 0.000028686523, z: -0.00020205259}
  m_LocalScale: {x: 1, y: 1, z: 1}
  m_Children:
  - {fileID: 1475368488}
  m_Father: {fileID: 958821842}
  m_RootOrder: 0
  m_LocalEulerAnglesHint: {x: 0, y: 0, z: 0}
--- !u!1 &2002736680
GameObject:
  m_ObjectHideFlags: 0
  m_PrefabParentObject: {fileID: 100064, guid: 0950ed52d930c264cb91a646a7555993, type: 3}
  m_PrefabInternal: {fileID: 0}
  serializedVersion: 5
  m_Component:
  - component: {fileID: 2002736681}
  m_Layer: 0
  m_Name: Robot_LeftInHandPinky
  m_TagString: Untagged
  m_Icon: {fileID: 0}
  m_NavMeshLayer: 0
  m_StaticEditorFlags: 0
  m_IsActive: 1
--- !u!4 &2002736681
Transform:
  m_ObjectHideFlags: 0
  m_PrefabParentObject: {fileID: 400064, guid: 0950ed52d930c264cb91a646a7555993, type: 3}
  m_PrefabInternal: {fileID: 0}
  m_GameObject: {fileID: 2002736680}
  m_LocalRotation: {x: -1.3877788e-17, y: -4.814825e-34, z: 3.469447e-17, w: 1}
  m_LocalPosition: {x: -0.042913206, y: 0.006371307, z: -0.016307002}
  m_LocalScale: {x: 1, y: 1, z: 1}
  m_Children:
  - {fileID: 772579805}
  m_Father: {fileID: 1701672781}
  m_RootOrder: 3
  m_LocalEulerAnglesHint: {x: 0, y: 0, z: 0}
--- !u!1 &2023880955
GameObject:
  m_ObjectHideFlags: 0
  m_PrefabParentObject: {fileID: 100148, guid: 0950ed52d930c264cb91a646a7555993, type: 3}
  m_PrefabInternal: {fileID: 0}
  serializedVersion: 5
  m_Component:
  - component: {fileID: 2023880956}
  m_Layer: 0
  m_Name: Robot_Spine1
  m_TagString: Untagged
  m_Icon: {fileID: 0}
  m_NavMeshLayer: 0
  m_StaticEditorFlags: 0
  m_IsActive: 1
--- !u!4 &2023880956
Transform:
  m_ObjectHideFlags: 0
  m_PrefabParentObject: {fileID: 400148, guid: 0950ed52d930c264cb91a646a7555993, type: 3}
  m_PrefabInternal: {fileID: 0}
  m_GameObject: {fileID: 2023880955}
  m_LocalRotation: {x: 0, y: -0, z: -0, w: 1}
  m_LocalPosition: {x: -1.9845957e-15, y: 0.11258178, z: -0.0020327861}
  m_LocalScale: {x: 1, y: 1, z: 1}
  m_Children:
  - {fileID: 1884986441}
  m_Father: {fileID: 556959176}
  m_RootOrder: 0
  m_LocalEulerAnglesHint: {x: 0, y: 0, z: 0}
--- !u!1 &2027529112
GameObject:
  m_ObjectHideFlags: 0
  m_PrefabParentObject: {fileID: 100102, guid: 0950ed52d930c264cb91a646a7555993, type: 3}
  m_PrefabInternal: {fileID: 0}
  serializedVersion: 5
  m_Component:
  - component: {fileID: 2027529113}
  m_Layer: 0
  m_Name: Robot_RightHandMiddle3
  m_TagString: Untagged
  m_Icon: {fileID: 0}
  m_NavMeshLayer: 0
  m_StaticEditorFlags: 0
  m_IsActive: 1
--- !u!4 &2027529113
Transform:
  m_ObjectHideFlags: 0
  m_PrefabParentObject: {fileID: 400102, guid: 0950ed52d930c264cb91a646a7555993, type: 3}
  m_PrefabInternal: {fileID: 0}
  m_GameObject: {fileID: 2027529112}
  m_LocalRotation: {x: 4.8572257e-17, y: 6.740755e-34, z: 1.3877788e-17, w: 1}
  m_LocalPosition: {x: 0.033493422, y: -0.0025901794, z: 0.00008589432}
  m_LocalScale: {x: 1, y: 1, z: 1}
  m_Children:
  - {fileID: 1616888984}
  m_Father: {fileID: 1199329871}
  m_RootOrder: 0
  m_LocalEulerAnglesHint: {x: 0, y: 0, z: 0}
--- !u!1 &2088665521
GameObject:
  m_ObjectHideFlags: 0
  m_PrefabParentObject: {fileID: 100012, guid: 0950ed52d930c264cb91a646a7555993, type: 3}
  m_PrefabInternal: {fileID: 0}
  serializedVersion: 5
  m_Component:
  - component: {fileID: 2088665522}
  m_Layer: 0
  m_Name: Robot_LeftArm
  m_TagString: Untagged
  m_Icon: {fileID: 0}
  m_NavMeshLayer: 0
  m_StaticEditorFlags: 0
  m_IsActive: 1
--- !u!4 &2088665522
Transform:
  m_ObjectHideFlags: 0
  m_PrefabParentObject: {fileID: 400012, guid: 0950ed52d930c264cb91a646a7555993, type: 3}
  m_PrefabInternal: {fileID: 0}
  m_GameObject: {fileID: 2088665521}
  m_LocalRotation: {x: 0, y: -0, z: -0, w: 1}
  m_LocalPosition: {x: -0.1710658, y: -0.042457037, z: -0.0027267023}
  m_LocalScale: {x: 1, y: 1, z: 1}
  m_Children:
  - {fileID: 380116583}
  m_Father: {fileID: 672020625}
  m_RootOrder: 0
  m_LocalEulerAnglesHint: {x: 0, y: 0, z: 0}
--- !u!1 &2142597692
GameObject:
  m_ObjectHideFlags: 0
  m_PrefabParentObject: {fileID: 100052, guid: 0950ed52d930c264cb91a646a7555993, type: 3}
  m_PrefabInternal: {fileID: 0}
  serializedVersion: 5
  m_Component:
  - component: {fileID: 2142597693}
  m_Layer: 0
  m_Name: Robot_LeftHandThumb1
  m_TagString: Untagged
  m_Icon: {fileID: 0}
  m_NavMeshLayer: 0
  m_StaticEditorFlags: 0
  m_IsActive: 1
--- !u!4 &2142597693
Transform:
  m_ObjectHideFlags: 0
  m_PrefabParentObject: {fileID: 400052, guid: 0950ed52d930c264cb91a646a7555993, type: 3}
  m_PrefabInternal: {fileID: 0}
  m_GameObject: {fileID: 2142597692}
  m_LocalRotation: {x: -1.3877788e-17, y: -4.814825e-34, z: 3.469447e-17, w: 1}
  m_LocalPosition: {x: -0.033786695, y: 0.002574768, z: 0.04235597}
  m_LocalScale: {x: 1, y: 1, z: 1}
  m_Children:
  - {fileID: 1131755812}
  m_Father: {fileID: 1701672781}
  m_RootOrder: 0
  m_LocalEulerAnglesHint: {x: 0, y: 0, z: 0}
